
@article{jaeger2000observable,
  author = {H. Jaeger},
  journal = {Neural Computation},
  title = {Observable operator models for discrete stochastic time series},
  year = {2000},
}

@article{quattoni2007hidden,
  title={Hidden conditional random fields},
  author={Quattoni, A. and Wang, S. and Morency, L-P and Collins, M. and Darrell, T.},
  journal={Pattern Analysis and Machine Intelligence, IEEE Transactions on},
  pages={1848--1852},
  year={2007},
}

@inproceedings{ghahramani1999variational,
  title={Variational Inference for {B}ayesian Mixtures of Factor Analysers.},
  author={Ghahramani, Z. and Beal, M. J},
  booktitle={Advances in Neural Information Processing Systems},
  year={1999}
}

@article{jaakkola1999variational,
  title={Variational Probabilistic Inference and the {Q}{M}{R}-{D}{T} Network},
  author={Jaakkola, T. S and Jordan, M. I},
  journal={Journal of Artificial Intelligence Research},
  volume={10},
  pages={291--322},
  year={1999}
}

@inproceedings{mossel2005learning,
  title={Learning nonsingular phylogenies and hidden Markov models},
  author={Mossel, E. and Roch, S.},
  booktitle={Theory of computing},
  pages={366--375},
  year={2005},
  organization={ACM}
}

@inproceedings{bailly2010spectral,
  title={A spectral approach for probabilistic grammatical inference on trees},
  author={Bailly, R. and Habrard, A. and Denis, F.},
  booktitle={Algorithmic Learning Theory},
  pages={74--88},
  year={2010},
  organization={Springer}
}

@inproceedings{song2011spectral,
  title={A spectral algorithm for latent tree graphical models},
  author={Song, Le and Xing, E. P and Parikh, A. P},
  booktitle={International Conference on Machine Learning (ICML)},
  year={2011}
}

@book{koller2009probabilistic,
  title={Probabilistic graphical models: principles and techniques},
  author={Koller, D. and Friedman, N.},
  year={2009},
  publisher={MIT press}
}
