%%%%%%%%%%%%%%%%%%%%%%%%%%%%%%%%%%%%%%%%%%%%%%%%%%%%%%%%%%%%
% This file is automatically generated.  Do not modify this
% file directly, or else your changes will be overwritten.
%%%%%%%%%%%%%%%%%%%%%%%%%%%%%%%%%%%%%%%%%%%%%%%%%%%%%%%%%%%%"
@article{ferguson73dp,
  author = {T. S. Ferguson},
  journal = {Annals of Statistics},
  pages = {209--230},
  title = {A {B}ayesian Analysis of Some Nonparametric Problems},
  volume = {1},
  year = {1973},
}

@article{ferguson74prior,
  author = {T. S. Ferguson},
  journal = {Annals of Statistics},
  pages = {615--629},
  title = {Prior distributions on spaces of probability measures},
  volume = {2},
  year = {1974},
}

@article{blackwell73urn,
  author = {D. Blackwell and J. B. MacQueen},
  journal = {Annals of Statistics},
  pages = {353--355},
  title = {{F}erguson Distributions via {P}\'olya Urn Schemes},
  volume = {1},
  year = {1973},
}

@article{aldous85exch,
  author = {D. Aldous},
  journal = {Springer Lecture Notes in Math},
  pages = {1--198},
  title = {Exchangeability and related topics},
  volume = {1117},
  year = {1985},
}

@article{antoniak74dpmix,
  author = {C. E. Antoniak},
  journal = {Annals of Statistics},
  pages = {1152--1174},
  title = {Mixtures of {D}irichlet Processes with Applications to {B}ayesian Nonparametric Problems},
  volume = {2},
  year = {1974},
}

@article{sethuraman94stick,
  author = {J. Sethuraman},
  journal = {Statistica Sinica},
  pages = {639--650},
  title = {A Constructive Definition of {D}irichlet Priors},
  volume = {4},
  year = {1994},
}

@article{escobar95mixture,
  author = {M. D. Escobar and M. West},
  journal = {Journal of the American Statistical Association},
  pages = {577--588},
  title = {{B}ayesian Density Estimation and Inference Using Mixtures},
  volume = {90},
  year = {1995},
}

@techreport{west95hyper,
  author = {M. West},
  institution = {Department of Statistics, Duke University},
  title = {Hyperparameter estimation in {D}irichlet process mixture models},
  year = {1995},
}

@article{pitman97yor,
  author = {J. Pitman and M. Yor},
  journal = {Annals of Probability},
  pages = {855--900},
  title = {The two-parameter {P}oisson-{D}irichlet distribution derived from a stable subordinator},
  volume = {25},
  year = {1997},
}

@article{ishwaran02exact,
  author = {H. Ishwaran and M. Zarepour},
  journal = {Canadian Journal of Statististics},
  pages = {269--284},
  title = {Exact and approximate sum-representations for the {D}irichlet process},
  volume = {30},
  year = {2002},
}

@inproceedings{griffiths06ibp,
  address = {Cambridge, MA},
  author = {T. Griffiths and Z. Ghahramani},
  booktitle = {Advances in Neural Information Processing Systems (NIPS)},
  publisher = {MIT Press},
  title = {Infinite Latent Feature Models and the {I}ndian Buffet Process},
  year = {2007},
}

@inproceedings{thibaux07hbp,
  author = {R. Thibaux and M. I. Jordan},
  booktitle = {Artificial Intelligence and Statistics (AISTATS)},
  title = {Hierarchical {B}eta Processes and the {I}ndian Buffet Process},
  year = {2007},
}

@inproceedings{xing04haplotype,
  address = {Helsinki, Finland},
  author = {J. V. Gael and Y. Saatci and Y. W. Teh and Z. Ghahramani},
  booktitle = {International Conference on Machine Learning (ICML)},
  pages = {1088--1095},
  publisher = {Omnipress},
  title = {Beam Sampling for the Infinite Hidden {M}arkov Model},
  year = {2008},
}

@inproceedings{xing04haplotype,
  author = {E. P. Xing and R. Sharan and M. I. Jordan},
  booktitle = {International Conference on Machine Learning (ICML)},
  pages = {111--118},
  publisher = {Omnipress},
  title = {{B}ayesian Haplotype Inference via the {D}irichlet Process},
  year = {2004},
}

@article{teh06hdp,
  author = {Y. W. Teh and M. I. Jordan and M. Beal and D. Blei},
  journal = {Journal of the American Statistical Association},
  pages = {1566--1581},
  title = {Hierarchical {D}irichlet processes},
  volume = {101},
  year = {2006},
}

@techreport{rodriguez06ndp,
  author = {A. Rodriguez and D. B. Dunson and A. E. Gelfand},
  institution = {Department of Statistics, Duke University},
  title = {The nested {D}irichlet process},
  year = {2006},
}

@article{rodriguez08ndp,
  author = {A. Rodriguez and D. B. Dunson and A. E. Gelfand},
  journal = {Journal of the American Statistical Association},
  pages = {1131--1144},
  title = {The nested {D}irichlet process},
  volume = {103},
  year = {2008},
}

@inproceedings{beal01ihmm,
  address = {Cambridge, MA},
  author = {M. Beal and Z. Ghahramani and C. Rasmussen},
  booktitle = {Advances in Neural Information Processing Systems (NIPS)},
  pages = {577--584},
  publisher = {MIT Press},
  title = {The infinite hidden {M}arkov model},
  year = {2002},
}

@inproceedings{sohn06ihmm,
  address = {Cambridge, MA},
  author = {K. Sohn and E. P. Xing},
  booktitle = {Advances in Neural Information Processing Systems (NIPS)},
  publisher = {MIT Press},
  title = {A Hidden {M}arkov {D}irichlet Process Model for Genetic Recombination in Open Ancestral Space},
  year = {2007},
}

@inproceedings{teh06pitmanyor,
  address = {Sydney, Australia},
  author = {Y. W. Teh},
  booktitle = {International Conference on Computational Linguistics and Association for Computational Linguistics (COLING/ACL)},
  pages = {985--992},
  publisher = {Association for Computational Linguistics},
  title = {A Hierarchical {B}ayesian Language Model Based On {P}itman-{Y}or Processes},
  year = {2006},
}

@inproceedings{goldwater06segmentation,
  address = {Sydney, Australia},
  author = {S. Goldwater and T. Griffiths and M. Johnson},
  booktitle = {International Conference on Computational Linguistics and Association for Computational Linguistics (COLING/ACL)},
  publisher = {Association for Computational Linguistics},
  title = {Contextual Dependencies in Unsupervised Word Segmentation},
  year = {2006},
}

@inproceedings{sudderth05transformed,
  address = {Cambridge, MA},
  author = {E. B. Sudderth and A. B. Torralba and W. T. Freeman and A. S. Willsky},
  booktitle = {Advances in Neural Information Processing Systems (NIPS)},
  pages = {1297--1304},
  publisher = {MIT Press},
  title = {Describing Visual Scenes using Transformed {D}irichlet Processes},
  year = {2006},
}

@article{daume05clustering,
  author = {H. Daume and D. Marcu},
  journal = {Journal of Machine Learning Research},
  pages = {1--48},
  title = {A {B}ayesian Model for Supervised Clustering with the {D}irichlet Process Prior},
  volume = {1},
  year = {2005},
}

@article{blei05variational,
  author = {D. Blei and M. I. Jordan},
  journal = {Bayesian Analysis},
  pages = {121--144},
  title = {Variational Inference for {D}irichlet Process Mixtures},
  volume = {1},
  year = {2005},
}

@inproceedings{teh06collapsed,
  address = {Cambridge, MA},
  author = {Y. W. Teh and D. Newman and M. Welling},
  booktitle = {Advances in Neural Information Processing Systems (NIPS)},
  pages = {1353--1360},
  publisher = {MIT Press},
  title = {A Collapsed Variational {B}ayesian Inference Algorithm for {L}atent {D}irichlet {A}llocation},
  year = {2007},
}

@inproceedings{kurihara06accelerated,
  address = {Cambridge, MA},
  author = {K. Kurihara and M. Welling and N. Vlassis},
  booktitle = {Advances in Neural Information Processing Systems (NIPS)},
  publisher = {MIT Press},
  title = {Accelerated Variational {D}irichlet Mixture Models},
  year = {2007},
}

@inproceedings{kurihara07collapsed,
  address = {Hyderabad, India},
  author = {K. Kurihara and M. Welling and Y. W. Teh},
  booktitle = {International Joint Conference on Artificial Intelligence (IJCAI)},
  title = {Collapsed Variational {D}irichlet Process Mixture Models},
  year = {2007},
}

@inproceedings{daume07astar,
  author = {H. Daume},
  booktitle = {Artificial Intelligence and Statistics (AISTATS)},
  title = {Fast search for {D}irichlet process mixture models},
  year = {2007},
}

@inproceedings{heller05hierarchical,
  author = {K. A. Heller and Z. Ghahramani},
  booktitle = {International Conference on Machine Learning (ICML)},
  publisher = {Omnipress},
  title = {{B}ayesian Hierarchical Clustering},
  year = {2005},
}

@article{ishwaran01gibbs,
  author = {H. Ishwaran and L. F. James},
  journal = {Journal of the American Statistical Association},
  pages = {161--173},
  title = {{G}ibbs Sampling Methods for Stick-Breaking Priors},
  volume = {96},
  year = {2001},
}

@techreport{papaspiliopoulos04retro,
  author = {O. Papaspiliopoulos and G. O. Roberts},
  institution = {Lancaster University},
  title = {Retrospective {MCMC} for {D}irichlet process hierarchical models},
  year = {2004},
}

@article{papaspiliopoulos08retro,
  author = {O. Papaspiliopoulos and G. O. Roberts},
  journal = {Biometrika},
  pages = {169--186},
  title = {Retrospective {MCMC} for {D}irichlet process hierarchical models},
  volume = {95},
  year = {2008},
}

@article{walker07slice,
  author = {S. G. Walker},
  journal = {Communications in Statistics - Simulation and Computation},
  pages = {45--54},
  title = {Sampling the {D}irichlet Mixture Model with Slices},
  volume = {36},
  year = {2004},
}

@techreport{dahl03splitmerge,
  author = {D. B. Dahl},
  institution = {Department of Statistics, University of Wisconsin},
  title = {An Improved Merge-Split Sampler for Conjugate {D}irichlet Process Mixture Models},
  year = {2003},
}

@techreport{dahl03univariate,
  author = {D. B. Dahl},
  institution = {Department of Statistics, University of Wisconsin},
  title = {Modal Clustering in a Univariate Class of Product Partition Models},
  year = {2003},
}

@techreport{neal00dp,
  author = {R. Neal},
  institution = {Department of Statistics, University of Toronto},
  title = {{M}arkov Chain Sampling Methods for {D}irichlet Process Mixture Models},
  year = {2000},
}

@techreport{jain00splitmerge,
  author = {S. Jain and R. Neal},
  institution = {Department of Statistics, University of Toronto},
  title = {A Split-Merge {M}arkov Chain {M}onte {C}arlo Procedure for the {D}irichlet Process Mixture Model},
  year = {2000},
}

@techreport{jain05splitmerge,
  author = {S. Jain and R. Neal},
  institution = {Department of Statistics, University of Toronto},
  title = {Splitting and merging components of a nonconjugate {D}irichlet process mixture model},
  year = {2005},
}

@article{blei03lda,
  author = {D. Blei and A. Ng and M. I. Jordan},
  journal = {Journal of Machine Learning Research},
  pages = {993--1022},
  title = {Latent {D}irichlet Allocation},
  volume = {3},
  year = {2003},
}

@inproceedings{hamze04fields,
  author = {F. Hamze and N. d. Freitas},
  booktitle = {Uncertainty in Artificial Intelligence (UAI)},
  title = {From Fields to Trees},
  year = {2004},
}

@inproceedings{welling06flexible,
  author = {M. Welling},
  booktitle = {International Conference on Machine Learning Workshop on Nonparametric Bayesian Methods},
  title = {Flexible Priors for Infinite Mixture Models},
  year = {2006 2006},
}

@article{johnson84randproj,
  author = {W. Johnson and J. Lindenstrauss},
  journal = {Contemporary Mathematics},
  pages = {189--206},
  title = {Extensions of {L}ipschitz maps into a {H}ilbert space},
  volume = {26},
  year = {1984},
}

@inproceedings{dasgupta99mixgauss,
  author = {S. Dasgupta},
  booktitle = {Foundations of Computer Science (FOCS)},
  title = {Learning mixtures of {G}aussians},
  year = {1999},
}

@article{kannan97convex,
  author = {R. Kannan and L. Lovasz and M. Simonovits},
  journal = {Random Structures and Algorithms},
  pages = {1--50},
  title = {Random walks and an ${O}^*(n^5)$ volume algorithm for convex bodies},
  volume = {11},
  year = {1997},
}

@inproceedings{friedman03bayesian,
  author = {N. Friedman and D. Koller},
  booktitle = {Uncertainty in Artificial Intelligence (UAI)},
  pages = {201--210},
  title = {Being {B}ayesian about {B}ayesian Network Structure: A {B}ayesian Approach to Structure Discovery in {B}ayesian Networks},
  year = {2000},
}

@article{swendsen87,
  author = {R. H. Swendsen and J. S. Wang},
  journal = {Physics Review Letters},
  pages = {86--88},
  title = {Nonuniversal critical dynamics in {MC} simulations},
  volume = {58},
  year = {1987},
}

@article{barbu05swendsen,
  author = {A. Barbu and S. C. Zhu},
  journal = {IEEE Transactions on Pattern Analysis and Machine Intelligence},
  pages = {1239--1253},
  title = {Generalizing {S}wendsen-{W}ang to sampling arbitrary posterior probabilities},
  volume = {27},
  year = {2005},
}

@article{tanner87da,
  author = {M. A. Tanner and W. H. Wong},
  journal = {Journal of the American Statistical Association},
  pages = {528--540},
  title = {The calculation of posterior distributions by data augmentation},
  volume = {82},
  year = {1987},
}

@article{liu98pxem,
  author = {C. Liu and D. Rubin and Y. N. Wu},
  journal = {Biometrika},
  pages = {755--770},
  title = {Parameter expansion to accelerate {EM}: the {PX-EM} algorithm},
  volume = {85},
  year = {1998},
}

@article{liu99pxda,
  author = {J. Liu and Y. Wu},
  journal = {Journal of the American Statistical Association},
  pages = {1264--1274},
  title = {Parameter expansion for data augmentation},
  volume = {94},
  year = {1999},
}

@techreport{pitman02process,
  author = {J. Pitman},
  institution = {Department of Statistics, University of California at Berkeley},
  number = {621},
  title = {Combinatorial Stochastic Processes},
  year = {2002},
}

@book{bertsekas99nlp,
  address = {Belmont, MA},
  author = {D. Bertsekas},
  publisher = {Athena Scientific},
  title = {Nonlinear Programming},
  year = {1999},
}

@techreport{mackay97hmm,
  author = {D. MacKay},
  institution = {University of Cambridge},
  title = {Ensemble Learning for Hidden {M}arkov Models},
  year = {1997},
}

@inproceedings{hermjakob01parsing,
  address = {Toulouse, France},
  author = {U. Hermjakob},
  booktitle = {Workshop on Open-domain question answering, ACL},
  pages = {1--6},
  title = {Parsing and Question Classification for Question Answering},
  year = {2001},
}

@article{gildea02semantic,
  author = {D. Gildea and D. Jurafsky},
  journal = {Computational Linguistics},
  pages = {245--288},
  title = {Automatic Labeling of Semantic Roles},
  volume = {28},
  year = {2002},
}

@inproceedings{galley04translation,
  address = {Boston, MA},
  author = {M. Galley and M. Hopkins and K. Knight and D. Marcu},
  booktitle = {Human Language Technology and North American Association for Computational Linguistics (HLT/NAACL)},
  pages = {273--280},
  title = {What's in a translation rule?},
  year = {2004},
}

@inproceedings{melamed04smt,
  address = {Barcelona, Spain},
  author = {I. D. Melamed},
  booktitle = {Association for Computational Linguistics (ACL)},
  publisher = {Association for Computational Linguistics},
  title = {Statistical Machine Translation by Parsing},
  year = {2004},
}

@article{chomsky56models,
  author = {N. Chomsky},
  journal = {IRE Transactions on Information Theory},
  pages = {113--124},
  title = {Three models for the description of language},
  volume = {2},
  year = {1956},
}

@book{manning99nlp,
  address = {Cambridge, MA},
  author = {C. Manning and H. Schütze},
  publisher = {MIT Press},
  title = {Foundations of Statistical Natural Language Processing},
  year = {1999},
}

@article{marcus93treebank,
  author = {M. P. Marcus and M. A. Marcinkiewicz and B. Santorini},
  journal = {Computational Linguistics},
  pages = {313--330},
  title = {Building a large annotated corpus of {E}nglish: the {P}enn {T}reebank},
  volume = {19},
  year = {1993},
}

@inproceedings{charniak96treebank,
  address = {Cambridge, MA},
  author = {E. Charniak},
  booktitle = {Association for the Advancement of Artificial Intelligence (AAAI)},
  pages = {1031--1036},
  publisher = {MIT Press},
  title = {Tree-bank Grammars},
  year = {1996},
}

@inproceedings{kurihara04varpcfg,
  address = {Japan},
  author = {K. Kurihara and T. Sato},
  booktitle = {International Joint Conference on Natural Language Processing Workshop Beyond Shallow Analyses},
  title = {An Application of the Variational {B}ayesian Approach to Probabilistic Context-Free Grammars},
  year = {2004},
}

@inproceedings{kurihara06varinduct,
  author = {K. Kurihara and T. Sato},
  booktitle = {International Colloquium on Grammatical Inference},
  title = {Variational {B}ayesian Grammar Induction for Natural Language},
  year = {2006},
}

@inproceedings{petrov06latent,
  address = {Sydney, Australia},
  author = {S. Petrov and L. Barrett and R. Thibaux and D. Klein},
  booktitle = {International Conference on Computational Linguistics and Association for Computational Linguistics (COLING/ACL)},
  pages = {433--440},
  publisher = {Association for Computational Linguistics},
  title = {Learning Accurate, Compact, and Interpretable Tree Annotation},
  year = {2006},
}

@inproceedings{stolcke94merge,
  address = {London, UK},
  author = {A. Stolcke and S. Omohundro},
  booktitle = {International Colloquium on Grammatical Inference and Applications},
  pages = {106--118},
  publisher = {Springer-Verlag},
  title = {Inducing Probabilistic Grammars by {B}ayesian Model Merging},
  year = {1994},
}

@inproceedings{wolff88syntax,
  address = {Hillsdale, NJ},
  author = {J. G. Wolff},
  booktitle = {Categories and processes in language acquisition},
  pages = {179--215},
  title = {Learning syntax and meanings through optimization and distributional analysis},
  year = {1988},
}

@phdthesis{collins99thesis,
  author = {M. Collins},
  school = {University of Pennsylvania},
  title = {Head-Driven Statistical Models for Natural Language Parsing},
  year = {1999},
}

@inproceedings{eisner96dependency,
  author = {J. Eisner},
  booktitle = {International Conference on Computational Linguistics (COLING)},
  pages = {340--345},
  publisher = {Association for Computational Linguistics},
  title = {Three New Probabilistic Models for Dependency Parsing: An Exploration},
  year = {1996},
}

@inproceedings{charniak00maxent,
  address = {Seattle, Washington},
  author = {E. Charniak},
  booktitle = {Applied Natural Language Processing and North American Association for Computational Linguistics (ANLP/NAACL)},
  pages = {132--139},
  publisher = {Association for Computational Linguistics},
  title = {A maximum-entropy-inspired parser},
  year = {2000},
}

@inproceedings{klein03unlexicalized,
  address = {Sapporo, Japan},
  author = {D. Klein and C. Manning},
  booktitle = {Association for Computational Linguistics (ACL)},
  pages = {423--430},
  publisher = {Association for Computational Linguistics},
  title = {Accurate Unlexicalized Parsing},
  year = {2003},
}

@article{johnson98parent,
  author = {M. Johnson},
  journal = {Computational Linguistics},
  pages = {613--632},
  title = {{PCFG} Models of Linguistic Tree Representations},
  volume = {24},
  year = {1998},
}

@inproceedings{matsuzaki05latent,
  address = {Ann Arbor, Michigan},
  author = {T. Matsuzaki and Y. Miyao and J. Tsujii},
  booktitle = {Association for Computational Linguistics (ACL)},
  pages = {75--82},
  publisher = {Association for Computational Linguistics},
  title = {Probabilistic {CFG} with Latent Annotations},
  year = {2005},
}

@inproceedings{johnson06adaptor,
  address = {Cambridge, MA},
  author = {M. Johnson and T. Griffiths and S. Goldwater},
  booktitle = {Advances in Neural Information Processing Systems (NIPS)},
  pages = {641--648},
  publisher = {MIT Press},
  title = {Adaptor Grammars: A Framework for Specifying Compositional Nonparametric {B}ayesian Models},
  year = {2006},
}

@inproceedings{blei04nested,
  address = {Cambridge, MA},
  author = {D. Blei and T. Griffiths and M. I. Jordan and J. Tenenbaum},
  booktitle = {Advances in Neural Information Processing Systems (NIPS)},
  publisher = {MIT Press},
  title = {Hierarchical topic models and the nested {C}hinese restaurant process},
  year = {2004},
}

@inproceedings{goldwater05interpolate,
  address = {Cambridge, MA},
  author = {S. Goldwater and T. Griffiths and M. Johnson},
  booktitle = {Advances in Neural Information Processing Systems (NIPS)},
  publisher = {MIT Press},
  title = {Interpolating Between Types and Tokens by Estimating Power-Law Generators},
  year = {2005},
}

@inproceedings{johnson07mcmc,
  address = {Rochester, New York},
  author = {M. Johnson and T. Griffiths and S. Goldwater},
  booktitle = {Human Language Technology and North American Association for Computational Linguistics (HLT/NAACL)},
  pages = {139--146},
  title = {{B}ayesian Inference for {PCFG}s via {M}arkov Chain {M}onte {C}arlo},
  year = {2007},
}

@inproceedings{haghighi07coref,
  address = {Prague, Czech Republic},
  author = {A. Haghighi and D. Klein},
  booktitle = {Association for Computational Linguistics (ACL)},
  publisher = {Association for Computational Linguistics},
  title = {Unsupervised Coreference Resolution in a Nonparametric {B}ayesian Model},
  year = {2007},
}

@inproceedings{daume06sum,
  address = {Sydney, Australia},
  author = {H. Daume and D. Marcu},
  booktitle = {International Conference on Computational Linguistics and Association for Computational Linguistics (COLING/ACL)},
  publisher = {Association for Computational Linguistics},
  title = {{B}ayesian Query-Focused Summarization},
  year = {2006},
}

@inproceedings{finkel07inftree,
  address = {Prague, Czech Republic},
  author = {J. R. Finkel and T. Grenager and C. Manning},
  booktitle = {Association for Computational Linguistics (ACL)},
  pages = {272--279},
  publisher = {Association for Computational Linguistics},
  title = {The Infinite Tree},
  year = {2007},
}

@inproceedings{petrov07split,
  address = {Rochester, New York},
  author = {S. Petrov and D. Klein},
  booktitle = {Human Language Technology and North American Association for Computational Linguistics (HLT/NAACL)},
  pages = {404--411},
  title = {Learning and Inference for Hierarchically Split {PCFG}s},
  year = {2007},
}

@inproceedings{petrov08log,
  address = {Cambridge, MA},
  author = {S. Petrov and D. Klein},
  booktitle = {Advances in Neural Information Processing Systems (NIPS)},
  publisher = {MIT Press},
  title = {Discriminative Log-Linear Grammars with Latent Variables},
  year = {2008},
}

@inproceedings{mcclosky06self,
  address = {Sydney, Australia},
  author = {D. McClosky and E. Charniak and M. Johnson},
  booktitle = {International Conference on Computational Linguistics and Association for Computational Linguistics (COLING/ACL)},
  publisher = {Association for Computational Linguistics},
  title = {Reranking and Self-Training for Parser Adaptation},
  year = {2006},
}

@article{lari90scfg,
  author = {K. Lari and S. J. Young},
  journal = {Computer Speech and Language},
  pages = {35--56},
  title = {The estimation of stochastic context-free grammars using the inside-outside algorithm},
  volume = {4},
  year = {1990},
}

@article{brown93mt,
  author = {P. F. Brown and S. A. D. Pietra and V. J. D. Pietra and R. L. Mercer},
  journal = {Computational Linguistics},
  pages = {263--311},
  title = {The Mathematics of Statistical Machine Translation: Parameter Estimation},
  volume = {19},
  year = {1993},
}

@inproceedings{neal93gem,
  author = {R. M. Neal and G. E. Hinton},
  booktitle = {Learning in Graphical Models},
  pages = {355--368},
  title = {A new view of the {EM} algorithm that justifies incremental, sparse and other variants},
  year = {1998},
}

@inproceedings{collins99unsupervised,
  author = {M. Collins and Y. Singer},
  booktitle = {Empirical Methods in Natural Language Processing (EMNLP)},
  title = {Unsupervised Models for Named Entity Classification},
  year = {1999},
}

@inproceedings{chen96smoothing,
  address = {Santa Cruz, California},
  author = {S. F. Chen and J. Goodman},
  booktitle = {Association for Computational Linguistics (ACL)},
  publisher = {Association for Computational Linguistics},
  title = {An Empirical Study of Smoothing Techniques for Language Modeling},
  year = {1996},
}

@inproceedings{ney96hmm,
  author = {H. Ney and S. Vogel},
  booktitle = {International Conference on Computational Linguistics (COLING)},
  pages = {836--841},
  publisher = {Association for Computational Linguistics},
  title = {{HMM}-Based Word Alignment in Statistical Translation},
  year = {1996},
}

@inproceedings{blum98cotraining,
  author = {A. Blum and T. Mitchell},
  booktitle = {Conference on Learning Theory (COLT)},
  title = {Combining Labeled and Unlabeled Data with Co-training},
  year = {1998},
}

@inproceedings{carroll92dependency,
  author = {G. Carroll and E. Charniak},
  booktitle = {Workshop Notes for Statistically-Based NLP Techniques, AAAI},
  pages = {1--13},
  title = {Two Experiments on Learning Probabilistic Dependency Grammars from Corpora},
  year = {1992},
}

@inproceedings{haghighi06induction,
  address = {Sydney, Australia},
  author = {A. Haghighi and D. Klein},
  booktitle = {International Conference on Computational Linguistics and Association for Computational Linguistics (COLING/ACL)},
  publisher = {Association for Computational Linguistics},
  title = {Prototype-based Grammar Induction},
  year = {2006},
}

@inproceedings{pereira92bracket,
  address = {Newark, Delaware},
  author = {F. Pereira and Y. Shabes},
  booktitle = {Association for Computational Linguistics (ACL)},
  pages = {128--135},
  publisher = {Association for Computational Linguistics},
  title = {Inside-outside reestimation from partially bracketed corpora},
  year = {1992},
}

@article{merialdo94tagging,
  author = {B. Merialdo},
  journal = {Computational Linguistics},
  pages = {155--171},
  title = {Tagging {E}nglish text with a probabilistic model},
  volume = {20},
  year = {1994},
}

@inproceedings{clark01induction,
  author = {A. Clark},
  booktitle = {Computational Natural Language Learning (CoNLL)},
  title = {Unsupervised induction of stochastic context free grammars with distributional clustering},
  year = {2001},
}

@inproceedings{paskin02bigrams,
  address = {Cambridge, MA},
  author = {M. A. Paskin},
  booktitle = {Advances in Neural Information Processing Systems (NIPS)},
  publisher = {MIT Press},
  title = {Grammatical Bigrams},
  year = {2002},
}

@inproceedings{klein04induction,
  address = {Barcelona, Spain},
  author = {D. Klein and C. D. Manning},
  booktitle = {Association for Computational Linguistics (ACL)},
  pages = {478--485},
  publisher = {Association for Computational Linguistics},
  title = {Corpus-Based Induction of Syntactic Structure: Models of Dependency and Constituency},
  year = {2004},
}

@inproceedings{smith05contrastive,
  address = {Ann Arbor, Michigan},
  author = {N. Smith and J. Eisner},
  booktitle = {Association for Computational Linguistics (ACL)},
  pages = {354--362},
  publisher = {Association for Computational Linguistics},
  title = {Contrastive Estimation: Training Log-Linear Models on Unlabeled Data},
  year = {2005},
}

@inproceedings{smith06anneal,
  address = {Sydney, Australia},
  author = {N. Smith and J. Eisner},
  booktitle = {International Conference on Computational Linguistics and Association for Computational Linguistics (COLING/ACL)},
  publisher = {Association for Computational Linguistics},
  title = {Annealing Structural Bias in Multilingual Weighted Grammar Induction},
  year = {2006},
}

@inproceedings{goldwater07pos,
  address = {Prague, Czech Republic},
  author = {S. Goldwater and T. Griffiths},
  booktitle = {Association for Computational Linguistics (ACL)},
  publisher = {Association for Computational Linguistics},
  title = {A Fully {B}ayesian Approach to Unsupervised Part-of-Speech Tagging},
  year = {2007},
}

@inproceedings{johnson08synergy,
  address = {Columbus, Ohio},
  author = {M. Johnson},
  booktitle = {Human Language Technology and Association for Computational Linguistics (HLT/ACL)},
  pages = {398--406},
  publisher = {Association for Computational Linguistics},
  title = {Using Adaptor Grammars to Identify Synergies in the Unsupervised Acquisition of Linguistic Structure},
  year = {2008},
}

@inproceedings{johnson07pos,
  author = {M. Johnson},
  booktitle = {Empirical Methods in Natural Language Processing and Computational Natural Language Learning (EMNLP/CoNLL)},
  title = {Why doesn't {EM} find good {HMM} {POS}-taggers?},
  year = {2007},
}

@article{goldwater09segmentation,
  author = {S. Goldwater and T. Griffiths and M. Johnson},
  journal = {Cognition},
  pages = {21--54},
  title = {A {B}ayesian Framework for Word Segmentation: Exploring the Effects of Context},
  volume = {112},
  year = {2009},
}

@inproceedings{johnson09segmentation,
  address = {Boulder, Colorado},
  author = {M. Johnson and S. Goldwater},
  booktitle = {North American Association for Computational Linguistics (NAACL)},
  pages = {317--325},
  publisher = {Association for Computational Linguistics},
  title = {Improving nonparameteric {B}ayesian inference: experiments on unsupervised word segmentation with adaptor grammars},
  year = {2009},
}

@inproceedings{cohn09ptsg,
  address = {Boulder, Colorado},
  author = {T. Cohn and S. Goldwater and P. Blunsom},
  booktitle = {North American Association for Computational Linguistics (NAACL)},
  pages = {548--556},
  publisher = {Association for Computational Linguistics},
  title = {Inducing Compact but Accurate Tree-Substitution Grammars},
  year = {2009},
}

@inproceedings{post09ptsg,
  address = {Singapore},
  author = {M. Post and D. Gildea},
  booktitle = {Association for Computational Linguistics and International Joint Conference on Natural Language Processing (ACL-IJCNLP)},
  publisher = {Association for Computational Linguistics},
  title = {{B}ayesian learning of a tree substitution grammar},
  year = {2009},
}

@inproceedings{gao08comparison,
  address = {Honolulu, HI},
  author = {J. Gao and M. Johnson},
  booktitle = {Empirical Methods in Natural Language Processing (EMNLP)},
  pages = {344--352},
  title = {A comparison of {B}ayesian estimators for unsupervised Hidden {M}arkov Model {POS} taggers},
  year = {2008},
}

@inproceedings{grenager05segmentation,
  address = {Ann Arbor, Michigan},
  author = {T. Grenager and D. Klein and C. D. Manning},
  booktitle = {Association for Computational Linguistics (ACL)},
  pages = {371--378},
  publisher = {Association for Computational Linguistics},
  title = {Unsupervised learning of field segmentation models for information extraction},
  year = {2005},
}

@article{dasgupta07em,
  author = {S. Dasgupta and L. Schulman},
  journal = {Journal of Machine Learning Research},
  title = {A Probabilistic Analysis of {EM} for Mixtures of Separated, Spherical {G}aussians},
  volume = {8},
  year = {2007},
}

@article{ron98pfa,
  author = {D. Ron and Y. Singer and N. Tishby},
  journal = {Journal of Computer and System Sciences},
  pages = {133--152},
  title = {On the Learnability and Usage of Acyclic Probabilistic Finite Automata},
  volume = {56},
  year = {1998},
}

@inproceedings{srebro06mixture,
  author = {N. Srebro and G. Shakhnarovich and S. Roweis},
  booktitle = {International Conference on Machine Learning (ICML)},
  pages = {865--872},
  publisher = {Omnipress},
  title = {An investigation of computational and informational limits in {G}aussian mixture clustering},
  year = {2006},
}

@inproceedings{feldman05product,
  author = {J. Feldman and R. O'Donnell and R. A. Servedio},
  booktitle = {Foundations of Computer Science (FOCS)},
  pages = {501--510},
  title = {Learning mixtures of product distributions over discrete domains},
  year = {2005},
}

@article{clark04fsa,
  author = {A. Clark and F. Thollard},
  journal = {Journal of Machine Learning Research},
  pages = {473--497},
  title = {{PAC}-learnability of Probabilistic Deterministic Finite State Automata},
  volume = {5},
  year = {2005},
}

@article{blackwell57identifiable,
  author = {D. Blackwell and L. Koopmans},
  journal = {Annals of Mathematical Statistics},
  pages = {1011--1015},
  title = {On the Identifiability Problem for Functions of Finite {M}arkov Chains},
  volume = {28},
  year = {1957},
}

@techreport{adriaans99shallow,
  author = {P. W. Adriaans},
  institution = {Stanford University},
  title = {Learning Shallow Context-Free Languages under Simple Distributions},
  year = {1999},
}

@article{kuhn55hungarian,
  author = {H. W. Kuhn},
  journal = {Naval Research Logistic Quarterly},
  pages = {83--97},
  title = {The {H}ungarian method for the assignment problem},
  volume = {2},
  year = {1955},
}

@phdthesis{ratnaparkhi98thesis,
  author = {A. Ratnaparkhi},
  school = {University of Pennsylvania},
  title = {Maximum entropy models for natural language ambiguity resolution},
  year = {1998},
}

@inproceedings{mccallum00memm,
  author = {A. McCallum and D. Freitag and F. Pereira},
  booktitle = {International Conference on Machine Learning (ICML)},
  publisher = {Omnipress},
  title = {Maximum Entropy {M}arkov Models for Information Extraction and Segmentation},
  year = {2000},
}

@inproceedings{lafferty01crf,
  author = {J. Lafferty and A. McCallum and F. Pereira},
  booktitle = {International Conference on Machine Learning (ICML)},
  pages = {282--289},
  publisher = {Omnipress},
  title = {Conditional Random Fields: Probabilistic Models for Segmenting and Labeling Data},
  year = {2001},
}

@inproceedings{kakade02objective,
  author = {S. Kakade and Y. W. Teh and S. Roweis},
  booktitle = {International Conference on Machine Learning (ICML)},
  publisher = {Omnipress},
  title = {An Alternate Objective Function for {M}arkovian Fields},
  year = {2002},
}

@inproceedings{klein02conditional,
  author = {D. Klein and C. D. Manning},
  booktitle = {Empirical Methods in Natural Language Processing (EMNLP)},
  title = {Conditional structure versus conditional estimation in {NLP} models},
  year = {2002},
}

@inproceedings{ng02compare,
  address = {Cambridge, MA},
  author = {A. Y. Ng and M. I. Jordan},
  booktitle = {Advances in Neural Information Processing Systems (NIPS)},
  publisher = {MIT Press},
  title = {On Discriminative vs. Generative classifiers: A comparison of logistic regression and naive {B}ayes},
  year = {2002},
}

@article{white82mis,
  author = {H. White},
  journal = {Econometrica},
  title = {Maximum likelihood estimation of misspecified models},
  volume = {50},
  year = {1982},
}

@article{godambe87quasi,
  author = {V. P. Godambe and C. C. Heyde},
  journal = {International Statistical Review},
  pages = {231--244},
  title = {Quasi-likelihood and Optimal estimation},
  volume = {55},
  year = {1987},
}

@inproceedings{pal06mcl,
  address = {Cambridge, MA},
  author = {A. McCallum and C. Pal and G. Druck and X. Wang},
  booktitle = {Association for the Advancement of Artificial Intelligence (AAAI)},
  publisher = {MIT Press},
  title = {Multi-Conditional Learning: Generative/Discriminative Training for Clustering and Classification},
  year = {2006},
}

@inproceedings{lasserre06hybrid,
  author = {J. A. Lasserre and C. M. Bishop and T. P. Minka},
  booktitle = {Computer Vision and Pattern Recognition (CVPR)},
  pages = {87--94},
  title = {Principled Hybrids of Generative and Discriminative Models},
  year = {2006},
}

@inproceedings{raina04hybrid,
  address = {Cambridge, MA},
  author = {R. Raina and Y. Shen and A. Ng and A. McCallum},
  booktitle = {Advances in Neural Information Processing Systems (NIPS)},
  publisher = {MIT Press},
  title = {Classification with hybrid generative/discriminative models},
  year = {2004},
}

@inproceedings{suzuki07hybrid,
  author = {J. Suzuki and A. Fujino and H. Isozaki},
  booktitle = {Empirical Methods in Natural Language Processing and Computational Natural Language Learning (EMNLP/CoNLL)},
  title = {Semi-Supervised Structured Output Learning based on a Hybrid Generative and Discriminative Approach},
  year = {2007},
}

@inproceedings{bouchard04tradeoff,
  author = {G. Bouchard and B. Triggs},
  booktitle = {International Conference on Computational Statistics},
  pages = {721--728},
  title = {The Trade-Off Between Generative and Discriminative Classifiers},
  year = {2004},
}

@book{vaart98asymptotic,
  address = {Cambridge, UK},
  author = {A. W. van der Vaart},
  publisher = {Cambridge University Press},
  title = {Asymptotic {S}tatistics},
  year = {1998},
}

@article{besag75pseudo,
  author = {J. Besag},
  journal = {The Statistician},
  pages = {179--195},
  title = {The analysis of non-lattice data},
  volume = {24},
  year = {1975},
}

@article{lindsay88composite,
  author = {B. Lindsay},
  journal = {Contemporary Mathematics},
  pages = {221--239},
  title = {Composite likelihood methods},
  volume = {80},
  year = {1988},
}

@inproceedings{sutton05piecewise,
  address = {Edinburgh, Scotland},
  author = {C. Sutton and A. McCallum},
  booktitle = {Uncertainty in Artificial Intelligence (UAI)},
  title = {Piecewise Training of Undirected Models},
  year = {2005},
}

@inproceedings{sutton07pwpl,
  address = {Corvallis, Oregon},
  author = {C. Sutton and A. McCallum},
  booktitle = {International Conference on Machine Learning (ICML)},
  publisher = {Omnipress},
  title = {Piecewise Pseudolikelihood for Efficient {CRF} Training},
  year = {2007},
}

@article{cox04pseudo,
  author = {D. R. Cox and N. Reid},
  journal = {Biometrika},
  pages = {729--737},
  title = {A note on pseudolikelihood constructed from marginal densities},
  volume = {91},
  year = {2004},
}

@article{varin08composite,
  author = {C. Varin},
  journal = {Advances in Statistical Analysis},
  pages = {1--28},
  title = {On composite marginal likelihoods},
  volume = {92},
  year = {2008},
}

@article{wainwright06wrong,
  author = {M. Wainwright},
  journal = {Journal of Machine Learning Research},
  pages = {1829--1859},
  title = {Estimating the ``wrong'' graphical model: Benefits in the computation-limited setting},
  volume = {7},
  year = {2006},
}

@inproceedings{wainwright03trw,
  author = {M. Wainwright and T. Jaakkola and A. Willsky},
  booktitle = {Artificial Intelligence and Statistics (AISTATS)},
  title = {Tree-reweighted belief propagation algorithms and approximate {ML} estimation by pseudo-moment matching},
  year = {2003},
}

@article{hyvarinen06pseudolikelihood,
  author = {A. Hyv\"arinen},
  journal = {Neural Computation},
  pages = {2283--2292},
  title = {Consistency of pseudolikelihood estimation of fully visible Boltzmann machines},
  volume = {18},
  year = {2006},
}

@inproceedings{hinton99poe,
  author = {G. Hinton},
  booktitle = {International Conference on Artificial Neural Networks (ICANN)},
  title = {Products of Experts},
  year = {1999},
}

@book{robert04mc,
  address = {New York},
  author = {C. P. Robert and G. Casella},
  publisher = {Springer},
  title = {{M}onte {C}arlo Statistical Methods},
  year = {2004},
}

@techreport{wainwright03varinf,
  author = {M. Wainwright and M. I. Jordan},
  institution = {Department of Statistics, University of California at Berkeley},
  title = {Graphical models, exponential families, and variational inference},
  year = {2003},
}

@article{wainwright08varinf,
  author = {M. Wainwright and M. I. Jordan},
  journal = {Foundations and Trends in Machine Learning},
  pages = {1--307},
  title = {Graphical models, exponential families, and variational inference},
  volume = {1},
  year = {2008},
}

@article{siepel04phylohmm,
  author = {A. Siepel and D. Haussler},
  journal = {Journal of Computational Biology},
  pages = {413--428},
  title = {Combining phylogenetic and hidden {M}arkov models in biosequence analysis},
  volume = {11},
  year = {2004},
}

@article{felsenstein96phylohmm,
  author = {J. Felsenstein and G. A. Churchill},
  journal = {Molecular Biology and Evolution},
  pages = {93--104},
  title = {A hidden {M}arkov model approach to variation among sites in rate of evolution},
  volume = {13},
  year = {1996},
}

@article{jojic04phylohmm,
  author = {V. Jojic and N. Jojic and C. Meek and D. Geiger and A. Siepel and D. Haussler and D. Heckerman},
  journal = {Bioinformatics},
  pages = {161--168},
  title = {Efficient approximations for learning phylogenetic {HMM} models from data},
  volume = {20},
  year = {2004},
}

@inproceedings{geiger05structured,
  author = {D. Geiger and C. Meek},
  booktitle = {Artificial Intelligence and Statistics (AISTATS)},
  title = {Structured Variational Inference Procedures and their Realizations},
  year = {2005},
}

@inproceedings{shotton06textonboost,
  author = {J. Shotton and J. Winn and C. Rother and A. Criminisi},
  booktitle = {European Conference on Computer Vision},
  title = {TextonBoost: Joint Appearance, Shape and Context Modeling for Multi-Class Object Recognition and Segmentation},
  year = {2006},
}

@article{zhu06grammar,
  author = {S. C. Zhu and D. Mumford},
  journal = {Foundations and Trends in Computer Graphics and Vision},
  pages = {259--362},
  title = {A Stochastic Grammar of Images},
  volume = {2},
  year = {2006},
}

@article{sakakibara05grammar,
  author = {Y. Sakakibara},
  journal = {IEEE Transactions on Pattern Analysis and Machine Intelligence},
  pages = {1051--1062},
  title = {Grammatical Inference in Bioinformatics},
  volume = {27},
  year = {2005},
}

@inproceedings{denero08phrase,
  address = {Honolulu, HI},
  author = {J. DeNero and A. Bouchard-C\^ot\'e and D. Klein},
  booktitle = {Empirical Methods in Natural Language Processing (EMNLP)},
  pages = {314--323},
  title = {Sampling Alignment Structure under a {B}ayesian Translation Model},
  year = {2008},
}

@inproceedings{wallach08dependency,
  author = {H. Wallach and C. Sutton and A. McCallum},
  booktitle = {Workshop on Prior Knowledge for Text and Language},
  pages = {15--20},
  title = {{B}ayesian Modeling of Dependency Trees Using Hierarchical {P}itman-{Y}or Priors.},
  year = {2008},
}

@inproceedings{blunsom09synchronous,
  address = {Cambridge, MA},
  author = {P. Blunsom and T. Cohn and M. Osborne},
  booktitle = {Advances in Neural Information Processing Systems (NIPS)},
  publisher = {MIT Press},
  title = {{B}ayesian Synchronous Grammar Induction},
  year = {2009},
}

@article{wu97itg,
  author = {D. Wu},
  journal = {Computational Linguistics},
  pages = {377--404},
  title = {Stochastic inversion transduction grammars and bilingual parsing of parallel corpora},
  volume = {23},
  year = {1997},
}

@article{dyrka07pcfg,
  address = {Manchester, UK},
  author = {W. Dyrka and J. Nebel},
  journal = {Systems Biology, Bioinformatics and Synthetic Biology},
  pages = {78--79},
  title = {A probabilistic context-free grammar for the detection of binding sites from a protein sequence},
  volume = {1},
  year = {2007},
}

@inproceedings{saxena07scene,
  author = {A. Saxena and M. Sun and A. Y. Ng},
  booktitle = {International Conference on Computer Vision (ICCV)},
  title = {Learning 3-{D} Scene Structure from a Single Still Image},
  year = {2007},
}

@inproceedings{delage06dbn,
  author = {E. Delage and H. Lee and A. Y. Ng},
  booktitle = {Computer Vision and Pattern Recognition (CVPR)},
  title = {A dynamic {B}ayesian network model for autonomous 3d reconstruction},
  year = {2006},
}

@inproceedings{hoiem05geometric,
  author = {D. Hoiem and A. A. Efros and M. Herbert},
  booktitle = {International Conference on Computer Vision (ICCV)},
  title = {Geometric Context from a Single Image},
  year = {2005},
}

@inproceedings{hoiem07occlusion,
  author = {D. Hoiem and A. N. Stein and A. A. Efros and M. Herbert},
  booktitle = {International Conference on Computer Vision (ICCV)},
  title = {Recovering Occlusion Boundaries from a Single Image},
  year = {2007},
}

@inproceedings{leung96repeat,
  author = {T. Leung and J. Malik},
  booktitle = {European Conference on Computer Vision},
  title = {Detecting, Localizing and Grouping Repeated Scene Elements from an Image},
  year = {1996},
}

@inproceedings{ren06figure,
  author = {X. Ren and C. C. Fowlkes and J. Malik},
  booktitle = {European Conference on Computer Vision},
  title = {Figure/Ground Assignment in Natural Images},
  year = {2006},
}

@book{pollard84convergence,
  author = {D. Pollard},
  publisher = {Springer-Verlag},
  title = {Convergence of Stochastic Processes},
  year = {1984},
}

@article{zhang02covering,
  author = {T. Zhang},
  journal = {Journal of Machine Learning Research},
  pages = {527--550},
  title = {Covering number bounds of certain regularized linear function classes},
  volume = {2},
  year = {2002},
}

@inproceedings{collins01theory,
  author = {M. Collins},
  booktitle = {International Workshop on Parsing Technologies},
  title = {Parameter Estimation for Statistical Parsing Models: Theory and Practice of Distribution-Free Methods},
  year = {2001},
}

@article{csiszar04info,
  author = {I. Csisz\'ar and P. Shields},
  journal = {Foundations and Trends in Communications and Information Theory},
  pages = {417--528},
  title = {Information Theory and Statistics: A Tutorial},
  volume = {1},
  year = {2004},
}

@inproceedings{bartlett01rademacher,
  author = {P. L. Bartlett and S. Mendelson},
  booktitle = {Conference on Learning Theory (COLT)},
  pages = {224--240},
  title = {{R}ademacher and {G}aussian complexities: Risk bounds and structural results},
  year = {2001},
}

@book{shawetaylor04kernel,
  author = {J. Shawe-Taylor and N. Cristianini},
  publisher = {Cambridge University Press},
  title = {Kernel Methods for Pattern Analysis},
  year = {2004},
}

@inproceedings{crammar07multiple,
  address = {Cambridge, MA},
  author = {K. Crammar and M. Kearns and J. Wortman},
  booktitle = {Advances in Neural Information Processing Systems (NIPS)},
  publisher = {MIT Press},
  title = {Learning from Multiple Sources},
  year = {2007},
}

@inproceedings{punyakanok05constrained,
  author = {V. Punyakanok and D. Roth and W. Yih and D. Zimak},
  booktitle = {International Joint Conference on Artificial Intelligence (IJCAI)},
  title = {Learning and Inference over Constrained Output},
  year = {2005},
}

@inproceedings{bucila06compress,
  author = {C. Bucil\u{a} and R. Caruana and A. Niculescu-Mizil},
  booktitle = {International Conference on Knowledge Discovery and Data Mining (KDD)},
  title = {Model Compression},
  year = {2006},
}

@phdthesis{craven96trepan,
  author = {M. W. Craven},
  school = {University of Wisconsin at Madison},
  title = {Extracting comprehensible models from trained neural networks},
  year = {1996},
}

@book{krishnamurthi06pl,
  author = {S. Krishnamurthi},
  publisher = {Creative Commons},
  title = {Programming Languages: Application and Interpretation},
  year = {2006},
}

@article{wand87simple,
  author = {M. Wand},
  journal = {Fundamenta Informaticae},
  pages = {115--122},
  title = {A Simple Algorithm and Proof for Type Inference},
  volume = {10},
  year = {1987},
}

@inproceedings{kothari08polylet,
  author = {S. Kothari and J. L. Caldwell},
  booktitle = {Fourth Conference on Computability},
  title = {On Extending {W}and's Type Reconstruction Algorithm to Handle Polymorphic Let},
  year = {2008},
}

@techreport{kothari07survey,
  author = {S. Kothari},
  institution = {University of Wyoming},
  title = {Type Reconstruction Algorithms - A Survey},
  year = {2007},
}

@techreport{pottier05modern,
  author = {F. Pottier},
  institution = {INRIA},
  title = {A Modern Eye on {ML} Type Inference: Old Techniques and Recent Developments},
  year = {2005},
}

@article{collins08exponentiated,
  author = {M. Collins and A. Globerson and T. Koo and X. Carreras and P. Bartlett},
  journal = {Journal of Machine Learning Research},
  title = {Exponentiated Gradient Algorithms for Conditional Random Fields and Max-Margin {M}arkov Networks},
  volume = {9},
  year = {2008},
}

@inproceedings{finkel08crf,
  address = {Columbus, Ohio},
  author = {J. R. Finkel and A. Kleeman and C. Manning},
  booktitle = {Human Language Technology and Association for Computational Linguistics (HLT/ACL)},
  publisher = {Association for Computational Linguistics},
  title = {Efficient, Feature-based, Conditional Random Field Parsing},
  year = {2008},
}

@inproceedings{neal98incremental,
  author = {R. Neal and G. Hinton},
  booktitle = {Learning in Graphical Models},
  title = {A view of the {EM} algorithm that justifies incremental, sparse, and other variants},
  year = {1998},
}

@article{cappe08online,
  author = {O. Capp\'e and E. Moulines},
  journal = {Journal of the Royal Statistics Society: Series B (Statistical Methodology)},
  pages = {593--613},
  title = {Online Expectation-Maximization Algorithm for Latent Data Models},
  volume = {71},
  year = {2009},
}

@inproceedings{collins02perceptron,
  author = {M. Collins},
  booktitle = {Empirical Methods in Natural Language Processing (EMNLP)},
  title = {Discriminative Training Methods for Hidden {M}arkov Models: Theory and Experiments with {P}erceptron Algorithms},
  year = {2002},
}

@article{och03systematic,
  author = {F. J. Och and H. Ney},
  journal = {Computational Linguistics},
  pages = {19--51},
  title = {A Systematic Comparison of Various Statistical Alignment Models},
  volume = {29},
  year = {2003},
}

@article{sato00online,
  author = {M. Sato and S. Ishii},
  journal = {Neural Computation},
  pages = {407--432},
  title = {On-line {EM} Algorithm for the Normalized {G}aussian Network},
  volume = {12},
  year = {2000},
}

@inproceedings{mcdonald05online,
  address = {Ann Arbor, Michigan},
  author = {R. McDonald and K. Crammer and F. Pereira},
  booktitle = {Association for Computational Linguistics (ACL)},
  publisher = {Association for Computational Linguistics},
  title = {Online Large-Margin Training of Dependency Parsers},
  year = {2005},
}

@inproceedings{bottou08large,
  address = {Cambridge, MA},
  author = {L. Bottou and O. Bousquet},
  booktitle = {Advances in Neural Information Processing Systems (NIPS)},
  publisher = {MIT Press},
  title = {The Tradeoffs of Large Scale Learning},
  year = {2008},
}

@inproceedings{shalev08inverse,
  address = {Helsinki, Finland},
  author = {S. Shalev-Shwartz and N. Srebro},
  booktitle = {International Conference on Machine Learning (ICML)},
  publisher = {Omnipress},
  title = {{SVM} Optimization: Inverse Dependence on Training Set Size},
  year = {2008},
}

@inproceedings{seginer07fast,
  address = {Prague, Czech Republic},
  author = {Y. Seginer},
  booktitle = {Association for Computational Linguistics (ACL)},
  publisher = {Association for Computational Linguistics},
  title = {Fast Unsupervised Incremental Parsing},
  year = {2007},
}

@inproceedings{yarowsky95unsupervised,
  author = {D. Yarowsky},
  booktitle = {Association for Computational Linguistics (ACL)},
  publisher = {Association for Computational Linguistics},
  title = {Unsupervised word sense disambiguation rivaling supervised methods},
  year = {1995},
}

@inproceedings{salakhutdinov03ecg,
  author = {R. Salakhutdinov and S. Roweis and Z. Ghahramani},
  booktitle = {International Conference on Machine Learning (ICML)},
  publisher = {Omnipress},
  title = {Optimization with {EM} and expectation-conjugate-gradient},
  year = {2003},
}

@inproceedings{gildea99topic,
  author = {D. Gildea and T. Hofmann},
  booktitle = {Eurospeech},
  title = {Topic-based language models using {EM}},
  year = {1999},
}

@inproceedings{kuo08transliterations,
  author = {J. Kuo and H. Li and C. Lin},
  booktitle = {Sixth SIGHAN Workshop on Chinese Language Processing},
  title = {Mining Transliterations from Web Query Results: An Incremental Approach},
  year = {2008},
}

@article{venkataraman01word,
  author = {A. Venkataraman},
  journal = {Computational Linguistics},
  pages = {351--372},
  title = {A statistical model for word discovery in transcribed speech},
  volume = {27},
  year = {2001},
}

@inproceedings{quadrianto08labels,
  address = {Helsinki, Finland},
  author = {N. Quadrianto and A. J. Smola and T. S. Caetano and Q. V. Le},
  booktitle = {International Conference on Machine Learning (ICML)},
  pages = {776--783},
  publisher = {Omnipress},
  title = {Estimating labels from label proportions},
  year = {2008},
}

@inproceedings{ganchev08multi,
  author = {K. Ganchev and J. Graça and J. Blitzer and B. Taskar},
  booktitle = {Uncertainty in Artificial Intelligence (UAI)},
  title = {Multi-View Learning over Structured and Non-Identical Outputs},
  year = {2008},
}

@inproceedings{graca08em,
  address = {Cambridge, MA},
  author = {J. Graça and K. Ganchev and B. Taskar},
  booktitle = {Advances in Neural Information Processing Systems (NIPS)},
  pages = {569--576},
  publisher = {MIT Press},
  title = {Expectation Maximization and Posterior Constraints},
  year = {2008},
}

@inproceedings{druck08ge,
  author = {G. Druck and G. Mann and A. McCallum},
  booktitle = {ACM Special Interest Group on Information Retreival (SIGIR)},
  pages = {595--602},
  title = {Learning from Labeled Features using Generalized Expectation Criteria},
  year = {2008},
}

@inproceedings{mann07expectation,
  address = {Corvallis, Oregon},
  author = {G. Mann and A. McCallum},
  booktitle = {International Conference on Machine Learning (ICML)},
  pages = {593--600},
  publisher = {Omnipress},
  title = {Simple, Robust, Scalable Semi-supervised Learning via Expectation Regularization},
  year = {2007},
}

@inproceedings{mann08ge,
  address = {Columbus, Ohio},
  author = {G. Mann and A. McCallum},
  booktitle = {Human Language Technology and Association for Computational Linguistics (HLT/ACL)},
  pages = {870--878},
  publisher = {Association for Computational Linguistics},
  title = {Generalized Expectation Criteria for Semi-Supervised Learning of Conditional Random Fields},
  year = {2008},
}

@inproceedings{chang07constraint,
  address = {Prague, Czech Republic},
  author = {M. Chang and L. Ratinov and D. Roth},
  booktitle = {Association for Computational Linguistics (ACL)},
  pages = {280--287},
  publisher = {Association for Computational Linguistics},
  title = {Guiding Semi-Supervision with Constraint-Driven Learning},
  year = {2007},
}

@inproceedings{haghighi06prototype,
  address = {New York City},
  author = {A. Haghighi and D. Klein},
  booktitle = {North American Association for Computational Linguistics (NAACL)},
  pages = {320--327},
  publisher = {Association for Computational Linguistics},
  title = {Prototype-Driven Learning for Sequence Models},
  year = {2006},
}

@inproceedings{zaidan08annotator,
  address = {Honolulu, HI},
  author = {O. F. Zaidan and J. Eisner},
  booktitle = {Empirical Methods in Natural Language Processing (EMNLP)},
  title = {Modeling Annotators: A Generative Approach to Learning from Annotator Rationales},
  year = {2008},
}

@inproceedings{zaidan07annotator,
  address = {Rochester, New York},
  author = {O. F. Zaidan and J. Eisner and C. D. Piatko},
  booktitle = {Human Language Technology and North American Association for Computational Linguistics (HLT/NAACL)},
  title = {Using "Annotator Rationales" to Improve Machine Learning for Text Categorization},
  year = {2007},
}

@inproceedings{moore04improving,
  address = {Barcelona, Spain},
  author = {R. C. Moore},
  booktitle = {Association for Computational Linguistics (ACL)},
  pages = {518--525},
  publisher = {Association for Computational Linguistics},
  title = {Improving {IBM} Word Alignment Model 1},
  year = {2004},
}

@inproceedings{daume04alignment,
  author = {H. Daume and D. Marcu},
  booktitle = {Empirical Methods in Natural Language Processing (EMNLP)},
  title = {Phrase-Based {HMM} Approach to Document/Abstract Alignment},
  year = {2004},
}

@inproceedings{barzilay05content,
  address = {Vancouver, B.C.},
  author = {R. Barzilay and M. Lapata},
  booktitle = {Human Language Technology and Empirical Methods in Natural Language Processing (HLT/EMNLP)},
  pages = {331--338},
  title = {Collective Content Selection for Concept-To-Text Generation},
  year = {2005},
}

@inproceedings{snyder07database,
  address = {Hyderabad, India},
  author = {B. Snyder and R. Barzilay},
  booktitle = {International Joint Conference on Artificial Intelligence (IJCAI)},
  pages = {1713--1718},
  title = {Database-Text Alignment via Structured Multilabel Classification},
  year = {2007},
}

@inproceedings{zettlemoyer05ccg,
  address = {Edinburgh, Scotland},
  author = {L. S. Zettlemoyer and M. Collins},
  booktitle = {Uncertainty in Artificial Intelligence (UAI)},
  pages = {658--666},
  title = {Learning to Map Sentences to Logical Form: Structured Classification with Probabilistic Categorial Grammars},
  year = {2005},
}

@inproceedings{zettlemoyer07relaxed,
  address = {Prague, Czech Republic},
  author = {L. S. Zettlemoyer and M. Collins},
  booktitle = {Empirical Methods in Natural Language Processing and Computational Natural Language Learning (EMNLP/CoNLL)},
  pages = {678--687},
  title = {Online Learning of Relaxed {CCG} Grammars for Parsing to Logical Form},
  year = {2007},
}

@inproceedings{lu08generative,
  address = {Honolulu, HI},
  author = {W. Lu and H. T. Ng and W. S. Lee and L. S. Zettlemoyer},
  booktitle = {Empirical Methods in Natural Language Processing (EMNLP)},
  pages = {783--792},
  title = {A Generative Model for Parsing Natural Language to Meaning Representations},
  year = {2008},
}

@inproceedings{ge05scissor,
  address = {Ann Arbor, Michigan},
  author = {R. Ge and R. J. Mooney},
  booktitle = {Computational Natural Language Learning (CoNLL)},
  pages = {9--16},
  title = {A Statistical Semantic Parser that Integrates Syntax and Semantics},
  year = {2005},
}

@inproceedings{kate06krisp,
  address = {Sydney, Australia},
  author = {R. J. Kate and R. J. Mooney},
  booktitle = {International Conference on Computational Linguistics and Association for Computational Linguistics (COLING/ACL)},
  pages = {913--920},
  publisher = {Association for Computational Linguistics},
  title = {Using String-Kernels for Learning Semantic Parsers},
  year = {2006},
}

@inproceedings{kate07krisper,
  address = {Cambridge, MA},
  author = {R. J. Kate and R. J. Mooney},
  booktitle = {Association for the Advancement of Artificial Intelligence (AAAI)},
  pages = {895--900},
  publisher = {MIT Press},
  title = {Learning Language Semantics from Ambiguous Supervision},
  year = {2007},
}

@inproceedings{wong06mt,
  address = {New York City},
  author = {Y. W. Wong and R. J. Mooney},
  booktitle = {North American Association for Computational Linguistics (NAACL)},
  pages = {439--446},
  publisher = {Association for Computational Linguistics},
  title = {Learning for semantic parsing with statistical machine translation},
  year = {2006},
}

@inproceedings{wong07synchronous,
  address = {Prague, Czech Republic},
  author = {Y. W. Wong and R. J. Mooney},
  booktitle = {Association for Computational Linguistics (ACL)},
  pages = {960--967},
  publisher = {Association for Computational Linguistics},
  title = {Learning Synchronous Grammars for Semantic Parsing with Lambda Calculus},
  year = {2007},
}

@inproceedings{chen08sportscast,
  address = {Helsinki, Finland},
  author = {D. L. Chen and R. J. Mooney},
  booktitle = {International Conference on Machine Learning (ICML)},
  pages = {128--135},
  publisher = {Omnipress},
  title = {Learning to Sportscast: A Test of Grounded Language Acquisition},
  year = {2008},
}

@article{feldman04embodied,
  author = {J. Feldman and S. Narayanan},
  journal = {Brain and Language},
  pages = {385--392},
  title = {Embodied Meaning in a Neural Theory of Language},
  volume = {89},
  year = {2004},
}

@inproceedings{branavan08annotation,
  author = {S. Branavan and H. Chen and J. Eisenstein and R. Barzilay},
  booktitle = {Association for Computational Linguistics (ACL)},
  publisher = {Association for Computational Linguistics},
  title = {Learning Document-Level Semantic Properties from Free-text Annotations},
  year = {2008},
}

@article{barzilay08coherence,
  author = {R. Barzilay and M. Lapata},
  journal = {Computational Linguistics},
  pages = {1--34},
  title = {Modeling Local Coherence: An Entity-based Approach},
  volume = {34},
  year = {2008},
}

@inproceedings{eisenstein08topic,
  address = {Honolulu, HI},
  author = {J. Eisenstein and R. Barzilay},
  booktitle = {Empirical Methods in Natural Language Processing (EMNLP)},
  pages = {334--343},
  title = {{B}ayesian Unsupervised Topic Segmentation},
  year = {2008},
}

@inproceedings{barzilay06aggregation,
  address = {New York City},
  author = {R. Barzilay and M. Lapata},
  booktitle = {North American Association for Computational Linguistics (NAACL)},
  publisher = {Association for Computational Linguistics},
  title = {Aggregation via Set Partitioning for Natural Language Generation},
  year = {2006},
}

@inproceedings{barzilay04content,
  author = {R. Barzilay and L. Lee},
  booktitle = {Human Language Technology and North American Association for Computational Linguistics (HLT/NAACL)},
  title = {Catching the Drift: Probabilistic Content Models, with Applications to Generation and Summarization},
  year = {2004},
}

@article{siskind96cross,
  author = {J. M. Siskind},
  journal = {Cognition},
  pages = {1--38},
  title = {A computational study of cross-situational techniques for learning word-to-meaning mappings},
  volume = {61},
  year = {1996},
}

@article{gorniak07situated,
  author = {P. Gorniak and D. Roy},
  journal = {Cognitive Science},
  pages = {197--231},
  title = {Situated Language Understanding as Filtering Perceived Affordances},
  volume = {31},
  year = {2007},
}

@inproceedings{yu04grounding,
  address = {Cambridge, MA},
  author = {C. Yu and D. H. Ballard},
  booktitle = {Association for the Advancement of Artificial Intelligence (AAAI)},
  pages = {488--493},
  publisher = {MIT Press},
  title = {On the integration of grounding language and learning objects},
  year = {2004},
}

@inproceedings{grenager06verb,
  author = {T. Grenager and C. D. Manning},
  booktitle = {Empirical Methods in Natural Language Processing (EMNLP)},
  title = {Unsupervised discovery of a statistical verb lexicon},
  year = {2006},
}

@inproceedings{poon09semantic,
  address = {Singapore},
  author = {H. Poon and P. Domingos},
  booktitle = {Empirical Methods in Natural Language Processing (EMNLP)},
  title = {Unsupervised Semantic Parsing},
  year = {2009},
}

@inproceedings{zettlemoyer09context,
  address = {Singapore},
  author = {L. S. Zettlemoyer and M. Collins},
  booktitle = {Association for Computational Linguistics and International Joint Conference on Natural Language Processing (ACL-IJCNLP)},
  publisher = {Association for Computational Linguistics},
  title = {Learning Context-dependent Mappings from Sentences to Logical Form},
  year = {2009},
}

@inproceedings{branavan09reinforcement,
  address = {Singapore},
  author = {S. Branavan and H. Chen and L. S. Zettlemoyer and R. Barzilay},
  booktitle = {Association for Computational Linguistics and International Joint Conference on Natural Language Processing (ACL-IJCNLP)},
  pages = {82--90},
  publisher = {Association for Computational Linguistics},
  title = {Reinforcement Learning for Mapping Instructions to Actions},
  year = {2009},
}

@article{yu07unified,
  author = {C. Yu and D. H. Ballard},
  journal = {Neurocomputing},
  number = {13},
  pages = {2149--2165},
  title = {A Unified Model of Early Word Learning: Integrating Statistical and Social Cues},
  volume = {70},
  year = {2007},
}

@article{frank09intentions,
  author = {M. C. Frank and N. D. Goodman and J. B. Tenenbaum},
  journal = {Psychological Science},
  number = {5},
  pages = {578--585},
  title = {Using Speakers' Referential Intentions to Model Early Cross-Situational Word Learning},
  volume = {20},
  year = {2009},
}

@article{chaloner95bayesian,
  author = {K. Chaloner and I. Verdinelli},
  journal = {Statistical Science},
  pages = {273--304},
  title = {{B}ayesian Experimental Design: A Review},
  volume = {10},
  year = {1995},
}

@inproceedings{seeger08cs,
  address = {Helsinki, Finland},
  author = {M. Seeger and H. Nickisch},
  booktitle = {International Conference on Machine Learning (ICML)},
  pages = {912--919},
  publisher = {Omnipress},
  title = {Compressed Sensing and {B}ayesian Experimental Design},
  year = {2008},
}

@article{nemirovski02saddle,
  author = {A. Nemirovski and R. Y. Rubinstein},
  journal = {International Series in Operations Research and Management Science},
  pages = {155--184},
  title = {An Efficient Stochastic Approximation Algorithm for Stochastic Saddle Point Problems},
  volume = {46},
  year = {2002},
}

@phdthesis{schein05active,
  author = {A. I. Schein},
  school = {Carnegie Mellon University},
  title = {Active Learning for Logistic Regression},
  year = {2005},
}

@inproceedings{jaakkola97logistic,
  author = {T. Jaakkola and M. I. Jordan},
  booktitle = {Artificial Intelligence and Statistics (AISTATS)},
  title = {A variational approach to {B}ayesian logistic regression models and their extensions},
  year = {1997},
}

@article{dudik07maxent,
  author = {M. Dudík and S. J. Phillips and R. E. Schapire},
  journal = {Journal of Machine Learning Research},
  pages = {1217--1260},
  title = {Maximum Entropy Density Estimation},
  volume = {8},
  year = {2007},
}

@book{borwein05variational,
  address = {New York},
  author = {J. M. Borwein and Q. J. Zhu},
  publisher = {Springer},
  title = {Techniques of Variational Analysis},
  year = {2005},
}

@inproceedings{roy01active,
  author = {N. Roy and A. McCallum},
  booktitle = {International Conference on Machine Learning (ICML)},
  pages = {441--448},
  publisher = {Omnipress},
  title = {Toward Optimal Active Learning through Sampling Estimation of Error Reduction},
  year = {2001},
}

@article{brown92class,
  author = {P. F. Brown and V. J. D. Pietra and P. V. deSouza and J. C. Lai and R. L. Mercer},
  journal = {Computational Linguistics},
  pages = {467--479},
  title = {Class-Based n-gram Models of Natural Language},
  volume = {18},
  year = {1992},
}

@inproceedings{grandvalet05entropy,
  address = {United Kingdom},
  author = {Y. Grandvalet and Y. Bengio},
  booktitle = {Semi-Supervised Learning},
  publisher = {Springer},
  title = {Entropy Regularization},
  year = {2005},
}

@inproceedings{stein61quadratic,
  author = {W. James and C. Stein},
  booktitle = {Fourth Berkeley Symposium in Mathematics, Statistics, and Probability},
  pages = {361--380},
  publisher = {California Press},
  title = {Estimation with Quadratic Loss},
  year = {1961},
}

@inproceedings{bouchard07tradeoff,
  author = {G. Bouchard},
  booktitle = {Sixth International Conference on Machine Learning and Applications (ICMLA)},
  pages = {124--129},
  title = {Bias-Variance Tradeoff in Hybrid Generative-Discriminative Models},
  year = {2007},
}

@article{akaike74aic,
  author = {H. Akaike},
  journal = {IEEE Transactions on Automatic Control},
  pages = {716--723},
  title = {A new look at the statistical model identification},
  volume = {19},
  year = {1974},
}

@article{bakker03task,
  author = {B. Bakker and T. Heskes},
  journal = {Journal of Machine Learning Research},
  pages = {83--99},
  title = {Task clustering and gating for {B}ayesian multitask learning},
  volume = {4},
  year = {2003},
}

@article{evgeniou05task,
  author = {T. Evgeniou and C. Micchelli and M. Pontil},
  journal = {Journal of Machine Learning Research},
  pages = {615--637},
  title = {Learning multiple tasks with kernel methods},
  volume = {6},
  year = {2005},
}

@inproceedings{argyriou07feature,
  address = {Cambridge, MA},
  author = {A. Argyriou and T. Evgeniou and M. Pontil},
  booktitle = {Advances in Neural Information Processing Systems (NIPS)},
  pages = {41--48},
  publisher = {MIT Press},
  title = {Multi-task feature learning},
  year = {2007},
}

@inproceedings{jacob09cluster,
  address = {Cambridge, MA},
  author = {L. Jacob and F. Bach and J. Vert},
  booktitle = {Advances in Neural Information Processing Systems (NIPS)},
  pages = {745--752},
  publisher = {MIT Press},
  title = {Clustered Multi-Task Learning: A Convex Formulation},
  year = {2009},
}

@article{bickel06regularization,
  author = {P. Bickel and B. Li},
  journal = {Sociedad de Estadística e Investigación Operativa Test},
  pages = {271--344},
  title = {Regularization in Statistics},
  volume = {15},
  year = {2006},
}

@article{bernardo79reference,
  author = {J. M. Bernardo},
  journal = {Journal of the Royal Statistics Society: Series B (Statistical Methodology)},
  pages = {113--147},
  title = {Reference posterior distributions for {B}ayesian inference},
  volume = {41},
  year = {1979},
}

@article{peters06bindingprediction,
  author = {B. Peters and H. Bui and S. Frankild and M. Nielson and C. Lundegaard and E. Kostem and D. Basch and K. Lamberth and M. Harndahl and W. Fleri and S. S. Wilson and J. Sidney and O. Lund and S. Buus and A. Sette},
  journal = {PLoS Compututational Biology},
  title = {A community resource benchmarking predictions of peptide binding to {MHC-I} molecules},
  volume = {2},
  year = {2006},
}

@article{craven78gcv,
  author = {P. Craven and G. Wahba},
  journal = {Numerische Mathematik},
  number = {4},
  pages = {377--403},
  title = {Smoothing noisy data with spline functions. Estimating the correct degree of smoothing by the method of generalized cross-validation},
  volume = {31},
  year = {1978},
}

@article{eldar09sure,
  author = {Y. C. Eldar},
  journal = {IEEE Transactions on Signal Processing},
  number = {2},
  pages = {471--481},
  title = {Generalized {SURE} for Exponential Families: Applications to Regularization},
  volume = {57},
  year = {2009},
}

@article{stein81sure,
  author = {C. M. Stein},
  journal = {Annals of Statistics},
  number = {6},
  pages = {1135--1151},
  title = {Estimation of the mean of a multivariate normal distribution},
  volume = {9},
  year = {1981},
}

@article{bartlett05local,
  author = {P. L. Bartlett and O. Bousquet and S. Mendelson},
  journal = {Annals of Statistics},
  number = {4},
  pages = {1497--1537},
  title = {Local {R}ademacher complexities},
  volume = {33},
  year = {2005},
}

@article{bousquet02stability,
  author = {O. Bousquet and A. Elisseeff},
  journal = {Journal of Machine Learning Research},
  pages = {499--526},
  title = {Stability and Generalization},
  volume = {2},
  year = {2002},
}

@book{cesabianchi06prediction,
  address = {Cambridge, UK},
  author = {N. Cesa-Bianchi and G. Lugosi},
  publisher = {Cambridge University Press},
  title = {Prediction, learning, and games},
  year = {2006},
}

@article{bartlett53approximate,
  author = {M. S. Bartlett},
  journal = {Biometrika},
  pages = {306--317},
  title = {Approximate confidence intervals. {II}. {M}ore than one unknown parameter},
  volume = {40},
  year = {1953},
}

@article{levit85second,
  author = {B. Y. Levit},
  journal = {Theory of Probability and its Applications},
  pages = {333--363},
  title = {Second-order asymptotic optimality and positive solutions of the Schrödinger equation},
  volume = {30},
  year = {1985},
}

@article{berkhin80second,
  author = {P. E. Berkhin and B. Y. Levit},
  journal = {Problemy Peredachi Informatsii},
  pages = {60--79},
  title = {Second-order asymptotically minimax estimates for the mean of a normal population},
  volume = {16},
  year = {1980},
}

@article{dalalyan06second,
  author = {A. S. Dalalyan and G. K. Golubev and A. B. Tsybakov},
  journal = {Annals of Statistics},
  number = {1},
  pages = {169--201},
  title = {Penalized maximum likelihood and semiparametric second-order efficiency},
  volume = {34},
  year = {2006},
}

@incollection{shibata89model,
  address = {New York},
  author = {R. Shibata},
  booktitle = {From Data to Model},
  pages = {215--240},
  publisher = {Springer-Verlag},
  title = {Statistical Aspects of Model Selection},
  year = {1989},
}

@article{murata94neural,
  author = {N. Murata and S. Yoshizawa and S. Amari},
  journal = {IEEE Transactions on Neural Networks},
  number = {6},
  pages = {865--872},
  title = {Network Information Criterion---Determining the Number of Hidden Units for an Artificial Neural Network Model},
  volume = {5},
  year = {1994},
}

@article{konishi96gic,
  author = {S. Konishi and G. Kitagawa},
  journal = {Biometrika},
  number = {4},
  pages = {875--890},
  title = {Generalized Information Criteria in Model Selection},
  volume = {83},
  year = {1996},
}

@article{ishiguro97bootstrapping,
  author = {M. Ishiguro and Y. Sakamoto and G. Kitagawa},
  journal = {Annals of the Institute of Statistical Mathematics},
  pages = {411--434},
  title = {Bootstrapping Log Likelihood and {EIC}, an Extension of {AIC}},
  volume = {49},
  year = {1997},
}

@inproceedings{sahavechaphan06xsnippet,
  author = {N. Sahavechaphan and K. Claypool},
  booktitle = {Object-Oriented Programming, Systems, Languages, and Applications (OOPSLA)},
  title = {XSnippet: Mining For Sample Code},
  volume = {41},
  year = {2006},
}

@inproceedings{jiang07deckard,
  address = {Washington, DC},
  author = {L. Jiang and G. Misherghi and Z. Su and S. Glondu},
  booktitle = {International Conference on Software Engineering (ICSE)},
  pages = {96--105},
  publisher = {IEEE Computer Society},
  title = {{DECKARD}: Scalable and Accurate Tree-Based Detection of Code Clones},
  year = {2007},
}

@inproceedings{lu09generation,
  author = {W. Lu and H. T. Ng and W. S. Lee},
  booktitle = {Empirical Methods in Natural Language Processing (EMNLP)},
  pages = {400--409},
  title = {Natural Language Generation with Tree Conditional Random Fields},
  year = {2009},
}

@article{ratnaparkhi02surface,
  author = {A. Ratnaparkhi},
  journal = {Computer, Speech \& Language},
  pages = {435--455},
  title = {Trainable approaches to surface natural language generation and their application to conversational dialog systems},
  volume = {16},
  year = {2002},
}

@inproceedings{mellish00dependencies,
  address = {Seattle, Washington},
  author = {C. Mellish and R. Evans and L. Cahill and C. Doran and D. Paiva and M. Reape and D. Scott and N. Tipper},
  booktitle = {Applied Natural Language Processing and North American Association for Computational Linguistics (ANLP/NAACL)},
  pages = {119--126},
  publisher = {Association for Computational Linguistics},
  title = {A Representation for Complex and Evolving Data Dependencies in Generation},
  year = {2000},
}

@inproceedings{koller02generation,
  address = {Philadelphia, Pennsylvania},
  author = {A. Koller and K. Striegnitz},
  booktitle = {Association for Computational Linguistics (ACL)},
  pages = {17--24},
  publisher = {Association for Computational Linguistics},
  title = {Generation as Dependency Parsing},
  year = {2002},
}

@inproceedings{paiva05control,
  address = {Ann Arbor, Michigan},
  author = {D. S. Paiva and R. Evans},
  booktitle = {Association for Computational Linguistics (ACL)},
  pages = {58--65},
  publisher = {Association for Computational Linguistics},
  title = {Empirically-based Control of Natural Language Generation},
  year = {2005},
}

@inproceedings{soricut06widl,
  author = {R. Soricut and D. Marcu},
  booktitle = {Association for Computational Linguistics (ACL)},
  pages = {1105--1112},
  publisher = {Association for Computational Linguistics},
  title = {Stochastic Language Generation Using {WIDL}-Expressions and its Application in Machine Translation and Summarization},
  year = {2006},
}

@inproceedings{soricut06discourse,
  author = {R. Soricut and D. Marcu},
  booktitle = {Association for Computational Linguistics (ACL)},
  pages = {803--810},
  publisher = {Association for Computational Linguistics},
  title = {Discourse Generation Using Utility-Trained Coherence Models},
  year = {2006},
}

@inproceedings{denero09efficient,
  address = {Boulder, Colorado},
  author = {J. DeNero and M. Bansal and A. Pauls and D. Klein},
  booktitle = {North American Association for Computational Linguistics (NAACL)},
  pages = {227--235},
  publisher = {Association for Computational Linguistics},
  title = {Efficient Parsing for Transducer Grammars},
  year = {2009},
}

@inproceedings{agarwal09hybrid,
  author = {A. Agarwal and H. Daume},
  booktitle = {International Joint Conference on Artificial Intelligence (IJCAI)},
  title = {Exponential Family Hybrid Learning},
  year = {2009},
}

@article{belz08sumtime,
  address = {New York},
  author = {A. Belz},
  journal = {Natural Language Engineering},
  number = {4},
  pages = {1--26},
  publisher = {Cambridge University Press},
  title = {Automatic generation of weather forecast texts using comprehensive probabilistic generation-space models},
  volume = {14},
  year = {2008},
}

@article{reiter05sumtime,
  address = {Essex, UK},
  author = {E. Reiter and S. Sripada and J. Hunter and J. Yu and I. Davy},
  journal = {Artificial Intelligence},
  pages = {137--169},
  publisher = {Elsevier Science Publishers Ltd.},
  title = {Choosing words in computer-generated weather forecasts},
  volume = {167},
  year = {2005},
}

@inproceedings{belz09sumtime,
  address = {Morristown, NJ},
  author = {A. Belz and E. Kow},
  booktitle = {European Workshop on Natural Language Generation},
  location = {Athens, Greece},
  pages = {16--24},
  publisher = {Association for Computational Linguistics},
  title = {System building cost vs. output quality in data-to-text generation},
  year = {2009},
}

@inproceedings{green06biomedical,
  address = {Morristown, NJ},
  author = {N. Green},
  booktitle = {International Natural Language Generation Conference},
  location = {Sydney, Australia},
  pages = {114--121},
  publisher = {Association for Computational Linguistics},
  title = {Generation of biomedical arguments for lay readers},
  year = {2006},
}

@inproceedings{turner09geo,
  address = {Morristown, NJ},
  author = {R. Turner and Y. Sripada and E. Reiter},
  booktitle = {European Workshop on Natural Language Generation},
  location = {Athens, Greece},
  pages = {42--49},
  publisher = {Association for Computational Linguistics},
  title = {Generating approximate geographic descriptions},
  year = {2009},
}

@inproceedings{dale03navigation,
  address = {Darlinghurst, Australia},
  author = {R. Dale and S. Geldof and J. Prost},
  booktitle = {Australasian computer science conference},
  location = {Adelaide, Australia},
  pages = {35--44},
  publisher = {Australian Computer Society, Inc.},
  title = {CORAL: using natural language generation for navigational assistance},
  year = {2003},
}

@inproceedings{foster04xslt,
  address = {Morristown, NJ},
  author = {M. E. Foster and M. White},
  booktitle = {Workshop on NLP and XML: RDF/RDFS and OWL in Language Technology},
  pages = {1--8},
  publisher = {Association for Computational Linguistics},
  title = {Techniques for text planning with {XSLT}},
  year = {2004},
}

@article{liu89lbfgs,
  author = {D. C. Liu and J. Nocedal},
  journal = {Mathematical Programming B},
  number = {3},
  pages = {503--528},
  title = {On the Limited Memory Method for Large Scale Optimization},
  volume = {45},
  year = {1989},
}

@inproceedings{papineni02bleu,
  address = {Philadelphia, Pennsylvania},
  author = {K. Papineni and S. Roukos and T. Ward and W. Zhu},
  booktitle = {Association for Computational Linguistics (ACL)},
  publisher = {Association for Computational Linguistics},
  title = {{BLEU}: A Method for Automatic Evaluation of Machine Translation},
  year = {2002},
}

@inproceedings{piantadosi08compositional,
  address = {Washington, D.C.},
  author = {S. T. Piantadosi and N. D. Goodman and B. A. Ellis and J. B. Tenenbaum},
  booktitle = {Proceedings of the Thirtieth Annual Conference of the Cognitive Science Society},
  pages = {1620--1625},
  title = {A {B}ayesian Model of the Acquisition of Compositional Semantics},
  year = {2008},
}

@inproceedings{goodman08church,
  author = {N. D. Goodman and V. K. Mansighka and D. Roy and K. Bonawitz and J. B. Tenenbaum},
  booktitle = {Uncertainty in Artificial Intelligence (UAI)},
  title = {Church: a language for generative models},
  year = {2008},
}

@inproceedings{lau00programming,
  author = {T. Lau and P. Domingos and D. S. Weld},
  booktitle = {International Conference on Machine Learning (ICML)},
  publisher = {Omnipress},
  title = {Programming by demonstration using version space algebra},
  year = {2000},
}

@article{lau03programming,
  author = {T. Lau and S. Wolfman and P. Domingos and D. S. Weld},
  journal = {Machine Learning},
  pages = {111--156},
  title = {Programming by demonstration using version space algebra},
  volume = {53},
  year = {2003},
}

@inproceedings{lau03traces,
  author = {T. Lau and P. Domingos and D. S. Weld},
  booktitle = {International Conference On Knowledge Capture},
  pages = {36--43},
  title = {Learning Programs from Traces using Version Space Algebra},
  year = {2003},
}

@inproceedings{briggs06functional,
  author = {F. Briggs and M. O'Neill},
  booktitle = {Third Asian-Pacific workshop on Genetic Programming},
  pages = {110--127},
  title = {Functional genetic programming with combinators},
  year = {2006},
}

@inproceedings{blunsom09note,
  author = {P. Blunsom and T. Cohn and S. Goldwater and M. Johnson},
  booktitle = {Association for Computational Linguistics (ACL)},
  publisher = {Association for Computational Linguistics},
  title = {A note on the implementation of Hierarchical {D}irichlet Processes},
  year = {2009},
}

@book{cypher93pbd,
  author = {A. Cypher},
  publisher = {MIT Press},
  title = {Watch what {I} do: Programming by demonstration},
  year = {1993},
}

@article{caruana97multitask,
  author = {R. Caruana},
  journal = {Machine Learning},
  pages = {41--75},
  title = {Multitask learning},
  volume = {28},
  year = {1997},
}

@article{xue07multitask,
  author = {Y. Xue and X. Liao and L. Carin and B. Krishnapuram},
  journal = {Journal of Machine Learning Research},
  pages = {35--63},
  title = {Multi-task learning for classification with {D}irichlet process priors},
  volume = {8},
  year = {2007},
}

@book{hankin04lambda,
  author = {C. Hankin},
  publisher = {Lightning Source},
  title = {An Introduction to Lambda Calculi for Computer Scientists},
  year = {2004},
}

@inproceedings{ariola97cyclic,
  author = {Z. M. Ariola and S. Blom},
  booktitle = {Theoretical Aspects of Computer Software},
  pages = {77--106},
  title = {Cyclic lambda calculi},
  year = {1997},
}

@book{vapnik00nature,
  address = {New York},
  author = {V. N. Vapnik},
  publisher = {Springer-Verlag},
  title = {The Nature of Statistical Learning Theory},
  year = {2000},
}

@inproceedings{haussler94rigorous,
  author = {D. Haussler and M. Kearns and H. S. Seung and N. Tishby},
  booktitle = {Conference on Learning Theory (COLT)},
  pages = {76--87},
  title = {Rigorous Learning Curve Bounds from Statistical Mechanics},
  year = {1994},
}

@article{wainwright09sharp,
  author = {M. J. Wainwright},
  journal = {IEEE Transactions on Information Theory},
  pages = {2183--2202},
  title = {Sharp thresholds for noisy and high-dimensional recovery of sparsity using $\ell_1$-constrained quadratic programming (Lasso)},
  volume = {55},
  year = {2009},
}

@article{schoenfinkel24combinatory,
  author = {M. Schönfinkel},
  journal = {Mathematische Annalen},
  pages = {305--316},
  title = {Über die Bausteine der mathematischen Logik},
  volume = {92},
  year = {1924},
}

@phdthesis{shalev07online,
  author = {S. Shalev-Shwartz},
  school = {The Hebrew University of Jerusalem},
  title = {Online Learning: Theory, Algorithms, and Applications},
  year = {2007},
}

@inproceedings{eisenstein09read,
  address = {Singapore},
  author = {J. Eisenstein and J. Clarke and D. Goldwasser and D. Roth},
  booktitle = {Empirical Methods in Natural Language Processing (EMNLP)},
  pages = {958--967},
  title = {Reading to Learn: Constructing Features from Semantic Abstracts},
  year = {2009},
}

@article{culy96null,
  author = {C. Culy},
  journal = {Language Variation and Change},
  pages = {91--124},
  title = {Null objects in {E}nglish recipes},
  volume = {8},
  year = {1996},
}

@inproceedings{fleischman07intention,
  address = {Cambridge, MA},
  author = {M. Fleischman and D. Roy},
  booktitle = {Association for the Advancement of Artificial Intelligence (AAAI)},
  publisher = {MIT Press},
  title = {Representing Intentions in a Cognitive Model of Language Acquisition: Effects of Phrase Structure on Situated Verb Learning},
  year = {2007},
}

@inproceedings{solar05sketching,
  author = {A. Solar-Lezama and R. Rabbah and R. Bodík and K. Ebcioglu},
  booktitle = {Programming Language Design and Implementation (PLDI)},
  title = {Programming by Sketching for Bit-Streaming Programs},
  year = {2005},
}

@techreport{srebro10stochastic,
  author = {N. Srebro and K. Sridharan and A. Tewari},
  institution = {TTI Chicago},
  title = {Stochastic optimization and online learning with smooth loss functions},
  year = {2010},
}

@phdthesis{mansinghka09thesis,
  author = {V. Mansinghka},
  school = {MIT},
  title = {Natively Probabilistic Computation},
  year = {2009},
}

@article{goodman08rule,
  author = {N. D. Goodman and J. B. Tenenbaum and J. Feldman and T. L. Griffiths},
  journal = {Cognitive Science},
  pages = {108--154},
  title = {A rational analysis of rule-based concept learning},
  volume = {32},
  year = {2008},
}

@inproceedings{arlot10penalty,
  address = {Cambridge, MA},
  author = {S. Arlot and F. Bach},
  booktitle = {Advances in Neural Information Processing Systems (NIPS)},
  pages = {46--54},
  publisher = {MIT Press},
  title = {Data-driven calibration of linear estimators with minimal penalties},
  year = {2010},
}

@inproceedings{kollar10directions,
  author = {T. Kollar and S. Tellex and D. Roy and N. Roy},
  booktitle = {Human-Robot Interaction},
  pages = {259--266},
  title = {Toward Understanding Natural Language Directions},
  year = {2010},
}

@techreport{jaeger08game,
  author = {G. Jäger},
  institution = {University of Tübingen},
  title = {Game Theory in Semantics and Pragmatics},
  year = {2008},
}

@article{jaeger08applications,
  author = {G. Jäger},
  journal = {Language and Linguistics Compass},
  pages = {406--421},
  title = {Applications of Game Theory in Linguistics},
  volume = {2},
  year = {2008},
}

@book{austin62do,
  address = {Clarendon, UK},
  author = {J. L. Austin},
  publisher = {Oxford},
  title = {How to do Things with Words: The William James Lectures delivered at Harvard University in 1955},
  year = {1962},
}

@article{valiant84learnable,
  author = {L. Valiant},
  journal = {Communications of the ACM},
  number = {11},
  pages = {1134--1142},
  title = {A theory of the learnable},
  volume = {27},
  year = {1984},
}

@article{jackson97dnf,
  author = {J. Jackson},
  journal = {Journal of Computer and System Sciences},
  number = {3},
  pages = {414--440},
  title = {An efficient membership-query algorithm for learning {DNF} with respect to the uniform distribution},
  volume = {55},
  year = {1997},
}

@article{angluin88queries,
  author = {D. Angluin},
  journal = {Machine Learning},
  number = {4},
  pages = {319--342},
  title = {Queries and concept learning},
  volume = {2},
  year = {1988},
}

@article{dohono05compressed,
  author = {D. Donoho},
  journal = {IEEE Trans. on Information Theory},
  number = {4},
  pages = {1289--1306},
  title = {Compressed sensing},
  volume = {52},
  year = {2006},
}

@inproceedings{hamlet94random,
  address = {New York},
  author = {D. Hamlet},
  booktitle = {Encyclopedia of Software Engineering},
  pages = {970--978},
  publisher = {Wiley},
  title = {Random testing},
  year = {1994 1994},
}

@article{graf97predicate,
  author = {S. Graf and H. Saidi},
  journal = {Computer Aided Verification},
  pages = {72--83},
  title = {Construction of abstract state graphs with {PVS}},
  volume = {1254},
  year = {1997},
}

@article{munro51stochastic,
  author = {H. Robbins and S. Monro},
  journal = {Annals of Mathematical Statistics},
  number = {3},
  pages = {400--407},
  title = {A Stochastic Approximation Method},
  volume = {22},
  year = {1951},
}

@inproceedings{smaragdakis11context,
  author = {Y. Smaragdakis and M. Bravenboer and O. Lhotak},
  booktitle = {Principles of Programming Languages (POPL)},
  title = {Pick Your Contexts Well: Understanding Object-Sensitivity},
  year = {2011},
}

@article{wanwright09sharp,
  author = {M. J. Wainwright},
  journal = {IEEE Transactions on Information Theory},
  pages = {2183--2202},
  title = {Sharp thresholds for noisy and high-dimensional recovery of sparsity using $\ell_1$-constrained quadratic programming (Lasso)},
  volume = {55},
  year = {2009},
}

@inproceedings{spoon04ddp,
  author = {S. A. Spoon and O. Shivers},
  booktitle = {European Conference on Object-Oriented Programming (ECOOP)},
  title = {Demand-Driven Type Inference with Subgoal Pruning: Trading Precision for Scalability},
  year = {2004},
}

@inproceedings{henzinger02lazy,
  author = {T. A. Henzinger and R. Jhala and R. Majumdar and G. Sutre},
  booktitle = {Principles of Programming Languages (POPL)},
  title = {Lazy Abstraction},
  year = {2002},
}

@inproceedings{mcmillan06lazy,
  author = {K. McMillan},
  booktitle = {Computer Aided Verification (CAV)},
  pages = {123--136},
  title = {Lazy Abstraction with Interpolants},
  year = {2006},
}

@inproceedings{vipindeep05pruning,
  author = {V. Vipindeep and P. Jalote},
  booktitle = {International Workshop on Dynamic Analysis (WODA)},
  title = {Efficient static analysis with path pruning using coverage data},
  year = {2005},
}

@book{kamp93drt,
  author = {H. Kamp and U. Reyle},
  publisher = {Kluwer, Dordrecht},
  title = {From Discourse to Logic: An Introduction to the Model-theoretic Semantics of Natural Language, Formal Logic and Discourse Representation Theory},
  year = {1993},
}

@article{muskens96combine,
  author = {R. Muskens},
  journal = {Linguistics and Philosophy},
  number = {2},
  pages = {143--186},
  title = {Combining Montague semantics and discourse representation},
  volume = {19},
  year = {1996},
}

@inproceedings{kwiatkowski10ccg,
  address = {Cambridge, MA},
  author = {T. Kwiatkowski and L. Zettlemoyer and S. Goldwater and M. Steedman},
  booktitle = {Empirical Methods in Natural Language Processing (EMNLP)},
  pages = {1223--1233},
  title = {Inducing Probabilistic {CCG} Grammars from Logical Form with Higher-Order Unification},
  year = {2010},
}

@inproceedings{clarke10world,
  address = {Uppsala, Sweden},
  author = {J. Clarke and D. Goldwasser and M. Chang and D. Roth},
  booktitle = {Computational Natural Language Learning (CoNLL)},
  pages = {18--27},
  title = {Driving Semantic Parsing from the World's Response},
  year = {2010},
}

@phdthesis{pross09grounded,
  author = {T. Pross},
  school = {University of Stuttgart},
  title = {Grounded Discourse Representation Theory: Towards a Semantics-Pragmatics Interface for Human-Machine Collaboration},
  year = {2009},
}

@techreport{bos94drs,
  author = {J. Bos and E. Mastenbroek and S. McGlashan and S. Millies and M. Pinkal},
  institution = {Universität des Saarlandes},
  title = {A Compositional {DRS}-based formalism for {NLP} applications},
  year = {1994},
}

@incollection{kamp05drt,
  address = {Dordrecht, The Netherlands},
  author = {H. Kamp and J. v. Genabith and U. Reyle},
  booktitle = {Handbook of Philosophical Logic},
  publisher = {Kluwer},
  title = {Discourse Representation Theory},
  year = {2005},
}

@inproceedings{bos06superlatives,
  author = {M. Nissim and J. Bos},
  booktitle = {Empirical Methods in Natural Language Processing (EMNLP)},
  title = {An Empirical Approach to the Interpretation of Superlatives},
  year = {2005},
}

@inproceedings{bos09economical,
  author = {J. Bos},
  booktitle = {Workshop on Controlled Natural Language},
  pages = {1--5},
  title = {A Controlled Fragment of {DRT}},
  year = {2009},
}

@inproceedings{bos04wide,
  address = {Geneva, Switzerland},
  author = {J. Bos and S. Clark and M. Steedman and J. R. Curran and J. Hockenmaier},
  booktitle = {International Conference on Computational Linguistics (COLING)},
  pages = {1240--1246},
  publisher = {Association for Computational Linguistics},
  title = {Wide-coverage semantic representations from a {CCG} parser},
  year = {2004},
}

@article{barker02continuations,
  author = {C. Barker},
  journal = {Natural Language Semantics},
  pages = {211--242},
  title = {Continuations and the nature of quantification},
  volume = {10},
  year = {2002},
}

@techreport{shan04continuations,
  author = {C. Shan},
  institution = {ArXiv},
  title = {Delimited continuations in natural language},
  year = {2004},
}

@book{heim98semantics,
  address = {Oxford, UK},
  author = {I. Heim and A. Kratzer},
  publisher = {Wiley-Blackwell},
  title = {Semantics in Generative Grammar},
  year = {1998},
}

@article{white06hlds,
  author = {M. White},
  journal = {Research on Language and Computation},
  pages = {39--75},
  title = {Efficient Realization of Coordinate Structures in Combinatory Categorial Grammar},
  volume = {4},
  year = {2006},
}

@inproceedings{bos08framenet,
  author = {J. Bos and M. Nissim},
  booktitle = {Frames, Corpora, and Knowledge Representation},
  pages = {169--183},
  title = {Combining Discourse Representation Theory with FrameNet},
  year = {2008},
}

@inproceedings{chaves07model,
  author = {R. P. Chaves},
  booktitle = {International Workshop on Computational Semantics},
  title = { Dynamic Model Checking of Discourse Representation Structures with Pluralities},
  year = {2007},
}

@book{blackburn05semantics,
  author = {P. Blackburn and J. Bos},
  publisher = {CSLI Publishers},
  title = {Representation and Inference for Natural Language: A First Course in Computational Semantics},
  year = {2005},
}

@inproceedings{thompson97parse,
  author = {C. A. Thompson and R. J. Mooney and L. R. Tang},
  booktitle = {ML-97 Workshop on Automata Induction, Grammatical Inference, and Language Acquisition},
  title = {Learning to Parse Natural Language Database Queries into Logical Form},
  year = {1997},
}

@inproceedings{montague73ptq,
  address = {Dordrecht, The Netherlands},
  author = {R. Montague},
  booktitle = {Approaches to Natural Language},
  pages = {221--242},
  title = {The proper treatment of quantification in ordinary {E}nglish},
  year = {1973},
}

@phdthesis{cooper75thesis,
  author = {R. Cooper},
  school = {University of Massachusetts at Amherst},
  title = {Montague's semantic theory and transformational syntax},
  year = {1975},
}

@book{steedman00ccg,
  author = {M. Steedman},
  publisher = {MIT Press},
  title = {The Syntactic Process},
  year = {2000},
}

@book{carpenter98type,
  author = {B. Carpenter},
  publisher = {MIT Press},
  title = {Type-Logical Semantics},
  year = {1998},
}

@inproceedings{zelle96geoquery,
  address = {Cambridge, MA},
  author = {M. Zelle and R. J. Mooney},
  booktitle = {Association for the Advancement of Artificial Intelligence (AAAI)},
  pages = {1050--1055},
  publisher = {MIT Press},
  title = {Learning to parse database queries using inductive logic proramming.},
  year = {1996},
}

@inproceedings{branavan10high,
  address = {Uppsala, Sweden},
  author = {S. Branavan and L. Zettlemoyer and R. Barzilay},
  booktitle = {Association for Computational Linguistics (ACL)},
  pages = {1268--1277},
  publisher = {Association for Computational Linguistics},
  title = {Reading Between the Lines: Learning to Map High-level Instructions to Commands},
  year = {2010},
}

@inproceedings{duchi10adagrad,
  author = {J. Duchi and E. Hazan and Y. Singer},
  booktitle = {Conference on Learning Theory (COLT)},
  title = {Adaptive Subgradient Methods for Online Learning and Stochastic Optimization},
  year = {2010},
}

@book{dechter03constraint,
  author = {R. Dechter},
  publisher = {Morgan Kaufmann},
  title = {Constraint Processing},
  year = {2003},
}

@article{richardson06mln,
  author = {M. Richardson and P. Domingos},
  journal = {Machine Learning},
  pages = {107--136},
  title = {{M}arkov Logic Networks},
  volume = {62},
  year = {2006},
}

@inproceedings{tang01ilp,
  address = {Freiburg, Germany},
  author = {L. R. Tang and R. J. Mooney},
  booktitle = {European Conference on Machine Learning (ECML)},
  pages = {466--477},
  title = {Using multiple clause constructors in inductive logic programming for semantic parsing},
  year = {2001},
}

@inproceedings{kate05funql,
  address = {Cambridge, MA},
  author = {R. J. Kate and Y. W. Wong and R. J. Mooney},
  booktitle = {Association for the Advancement of Artificial Intelligence (AAAI)},
  pages = {1062--1068},
  publisher = {MIT Press},
  title = {Learning to Transform Natural to Formal Languages},
  year = {2005},
}

@techreport{nivre05dependency,
  author = {J. Nivre},
  institution = {Växjö University: School of Mathematics and Systems Engineering},
  title = {Dependency Grammar and Dependency Parsing},
  year = {2005},
}

@inproceedings{popescu03precise,
  address = {Miami, Florida},
  author = {A. Popescu and O. Etzioni and H. Kautz},
  booktitle = {International Conference on Intelligent User Interfaces (IUI)},
  pages = {149--157},
  title = {Towards a Theory of Natural Language Interfaces to Databases},
  year = {2003},
}

@inproceedings{schuler03interpretation,
  address = {Sapporo, Japan},
  author = {W. Schuler},
  booktitle = {Association for Computational Linguistics (ACL)},
  pages = {529--536},
  publisher = {Association for Computational Linguistics},
  title = {Using model-theoretic semantic interpretation to guide statistical parsing and word recognition in a spoken language interface},
  year = {2003},
}

@article{copestake05mrs,
  author = {A. Copestake and D. Flickinger and I. Sag and C. Pollard},
  journal = {Journal of Research on Language and Computation},
  pages = {281--332},
  title = {Minimal Recursion Semantics: An introduction},
  volume = {3},
  year = {2005},
}

@article{androutsopoulos95nlidb,
  author = {I. Androutsopoulos and G. D. Ritchie and P. Thanisch},
  journal = {Journal of Natural Language Engineering},
  pages = {29--81},
  title = {Natural Language Interfaces to Databases -- An Introduction},
  volume = {1},
  year = {1995},
}

@techreport{woods72lunar,
  address = {Cambridge, Massachusetts},
  author = {W. A. Woods and R. M. Kaplan and B. N. Webber},
  institution = {BBN Report 2378, Bolt Beranek and Newman Inc.},
  title = {The Lunar Sciences Natural Language Information System: Final Report},
  year = {1972},
}

@article{warren82chat80,
  author = {D. Warren and F. Pereira},
  journal = {Computational Linguistics},
  pages = {110--122},
  title = {An Efficient Easily Adaptable System for Interpreting Natural Language Queries},
  volume = {8},
  year = {1982},
}

@inproceedings{baldridge02ccg,
  address = {Philadelphia, Pennsylvania},
  author = {J. Baldridge and G. M. Kruijff},
  booktitle = {Association for Computational Linguistics (ACL)},
  pages = {319--326},
  publisher = {Association for Computational Linguistics},
  title = {Coupling {CCG} with Hybrid Logic Dependency Semantics},
  year = {2002},
}

@inproceedings{branavan11win,
  address = {Portland, Oregon},
  author = {S. Branavan and D. Silver and R. Barzilay},
  booktitle = {Association for Computational Linguistics (ACL)},
  pages = {268--277},
  publisher = {Association for Computational Linguistics},
  title = {Learning to Win by Reading Manuals in a {M}onte-{C}arlo Framework},
  year = {2011},
}

@inproceedings{goldwasser11confidence,
  address = {Portland, Oregon},
  author = {D. Goldwasser and R. Reichart and J. Clarke and D. Roth},
  booktitle = {Association for Computational Linguistics (ACL)},
  pages = {1486--1495},
  publisher = {Association for Computational Linguistics},
  title = {Confidence Driven Unsupervised Semantic Parsing},
  year = {2011},
}

@inproceedings{goldwasser11instructions,
  address = {Barcelona, Spain},
  author = {D. Goldwasser and D. Roth},
  booktitle = {International Joint Conference on Artificial Intelligence (IJCAI)},
  pages = {1794--1800},
  title = {Learning From Natural Instructions},
  year = {2011},
}

@inproceedings{alshawi11nlf,
  address = {Oxford, UK},
  author = {H. Alshawi and P. Chang and M. Ringgaard},
  booktitle = {International Conference on Compositional Semantics (IWCS)},
  pages = {15--24},
  title = {Deterministic Statistical Mapping of Sentences to Underspecified Semantics},
  year = {2011},
}

@inproceedings{giordani09sql,
  address = {Saarbrücken, Germany},
  author = {A. Giordani and A. Moschitti},
  booktitle = {International Conference on Applications of Natural Language to Information Systems},
  pages = {207--221},
  title = {Semantic Mapping Between Natural Language Questions and {SQL} Queries via Syntactic Pairing},
  year = {2009},
}

@inproceedings{miller96statistical,
  address = {Santa Cruz, California},
  author = {S. Miller and D. Stallard and R. Bobrow and R. Schwartz},
  booktitle = {Association for Computational Linguistics (ACL)},
  pages = {55--61},
  publisher = {Association for Computational Linguistics},
  title = {A Fully Statistical Approach to Natural Language Interfaces},
  year = {1996},
}

@inproceedings{kwiatkowski11lex,
  address = {Edinburgh, Scotland},
  author = {T. Kwiatkowski and L. Zettlemoyer and S. Goldwater and M. Steedman},
  booktitle = {Empirical Methods in Natural Language Processing (EMNLP)},
  pages = {1512--1523},
  title = {Lexical Generalization in {CCG} Grammar Induction for Semantic Parsing},
  year = {2011},
}

@inproceedings{artzi11conversations,
  address = {Edinburgh, Scotland},
  author = {Y. Artzi and L. Zettlemoyer},
  booktitle = {Empirical Methods in Natural Language Processing (EMNLP)},
  pages = {421--432},
  title = {Bootstrapping Semantic Parsers from Conversations},
  year = {2011},
}

@inproceedings{cousot77abstract,
  address = {Los Angeles, California},
  author = {P. Cousot and R. Cousot},
  booktitle = {Principles of Programming Languages (POPL)},
  pages = {238--252},
  title = {Abstract interpretation: a unified lattice model for static analysis of programs by construction or approximation of fixpoints},
  year = {1977},
}

@article{nocedal80lbfgs,
  author = {J. Nocedal},
  journal = {Mathematics of Computation},
  pages = {773--782},
  title = {Updating Quasi-Newton Matrices with Limited Storage},
  volume = {35},
  year = {1980},
}

@article{daume09searn,
  author = {H. Daume and J. Langford and D. Marcu},
  journal = {Machine Learning Journal (MLJ)},
  pages = {297--325},
  title = {Search-based Structured Prediction},
  volume = {75},
  year = {2009},
}

@inproceedings{judge06qtb,
  address = {Sydney, Australia},
  author = {J. Judge and A. Cahill and J. v. Genabith},
  booktitle = {International Conference on Computational Linguistics and Association for Computational Linguistics (COLING/ACL)},
  pages = {497--504},
  publisher = {Association for Computational Linguistics},
  title = {Question-Bank: creating a corpus of parse-annotated questions},
  year = {2006},
}

@article{porter80stem,
  author = {M. F. Porter},
  journal = {Program},
  pages = {130--137},
  title = {An algorithm for suffix stripping},
  volume = {14},
  year = {1980},
}

@inproceedings{vogel10navigate,
  address = {Uppsala, Sweden},
  author = {A. Vogel and D. Jurafsky},
  booktitle = {Association for Computational Linguistics (ACL)},
  pages = {806--814},
  publisher = {Association for Computational Linguistics},
  title = {Learning to Follow Navigational Directions},
  year = {2010},
}

@inproceedings{chen11navigate,
  address = {Cambridge, MA},
  author = {D. L. Chen and R. J. Mooney},
  booktitle = {Association for the Advancement of Artificial Intelligence (AAAI)},
  pages = {859--865},
  publisher = {MIT Press},
  title = {Learning to Interpret Natural Language Navigation Instructions from Observations},
  year = {2011},
}

@article{grice75maxims,
  author = {H. P. Grice},
  journal = {Syntax and semantics},
  pages = {41--58},
  title = {Logic and Conversation},
  volume = {3},
  year = {1975},
}

@phdthesis{potts03thesis,
  author = {C. Potts},
  school = {UC Santa Cruz},
  title = {The Logic of Conventional Implicatures},
  year = {2003},
}

@inproceedings{lev04logic,
  author = {I. Lev and B. MacCartney and C. D. Manning and R. Levy},
  booktitle = {ACL Workshop on Text Meaning and Interpretation},
  title = {Solving Logic Puzzles: From Robust Processing to Precise Semantics},
  year = {2004},
}

@phdthesis{hockenmaier03ccg,
  author = {J. Hockenmaier},
  school = {University of Edinburgh},
  title = {Data and Models for Statistical Parsing with Combinatory Categorial Grammar},
  year = {2003},
}

@inproceedings{holland99proofs,
  address = {Cambridge, MA},
  author = {A. M. Holland-Minkley and R. Barzilay and R. L. Constable},
  booktitle = {Association for the Advancement of Artificial Intelligence (AAAI)},
  publisher = {MIT Press},
  title = {Verbalization of High-Level Formal Proofs},
  year = {1999},
}

@inproceedings{dinesh11regulatory,
  address = {Edinburgh, Scotland},
  author = {N. Dinesh and A. Joshi and I. Lee},
  booktitle = {Empirical Methods in Natural Language Processing (EMNLP)},
  title = {Computing Logical Form on Regulatory Texts},
  year = {2011},
}

@inproceedings{miller04ner,
  author = {S. Miller and J. Guinness and A. Zamanian},
  booktitle = {Human Language Technology and North American Association for Computational Linguistics (HLT/NAACL)},
  pages = {337--342},
  title = {Name Tagging with Word Clusters and Discriminative Training},
  year = {2004},
}

@inproceedings{koo08simple,
  address = {Columbus, Ohio},
  author = {T. Koo and X. Carreras and M. Collins},
  booktitle = {Human Language Technology and Association for Computational Linguistics (HLT/ACL)},
  publisher = {Association for Computational Linguistics},
  title = {Simple Semi-Supervised Dependency Parsing},
  year = {2008},
}

@inproceedings{anandkumar12moments,
  author = {A. Anandkumar and D. Hsu and S. M. Kakade},
  booktitle = {Conference on Learning Theory (COLT)},
  title = {A Method of Moments for Mixture Models and Hidden {M}arkov Models},
  year = {2012},
}

@techreport{anandkumar12svd,
  author = {A. Anandkumar and D. P. Foster and D. Hsu and S. M. Kakade and Y. Liu},
  institution = {ArXiv},
  title = {Two SVDs Suffice: Spectral decompositions for probabilistic topic modeling and latent {D}irichlet allocation},
  year = {2012},
}

@inproceedings{anandkumar11tree,
  address = {Cambridge, MA},
  author = {A. Anandkumar and K. Chaudhuri and D. Hsu and S. M. Kakade and L. Song and T. Zhang},
  booktitle = {Advances in Neural Information Processing Systems (NIPS)},
  publisher = {MIT Press},
  title = {Spectral Methods for Learning Multivariate Latent Tree Structure},
  year = {2011},
}

@article{allman11identifiability,
  author = {E. S. Allman and S. Petrovi and J. A. Rhodes and S. Sullivant},
  journal = {Transactions on Computational Biology and Bioinformatics},
  pages = {710--722},
  title = {Identifiability of 2-tree mixtures for group-based models},
  volume = {8},
  year = {2011},
}

@article{allman09identifiability,
  author = {E. S. Allman and C. Matias and J. A. Rhodes},
  journal = {Annals of Statistics},
  pages = {3099--3132},
  title = {Identifiability of parameters in latent structure models with many observed variables},
  volume = {37},
  year = {2009},
}

@article{kruskal77three,
  author = {J. B. Kruskal},
  journal = {Linear Algebra and Applications},
  pages = {95--138},
  title = {Three-way arrays: Rank and uniqueness of trilinear decompositions, with application to arithmetic complexity and statistics},
  volume = {18},
  year = {1977},
}

@inproceedings{hsu09spectral,
  author = {D. Hsu and S. M. Kakade and T. Zhang},
  booktitle = {Conference on Learning Theory (COLT)},
  title = {A spectral algorithm for learning hidden {M}arkov models},
  year = {2009},
}

@article{geiger01stratified,
  author = {D. Geiger and D. Heckerman and H. King and C. Meek},
  journal = {Annals of Statistics},
  pages = {505--529},
  title = {Stratified exponential families: graphical models and model selection},
  volume = {29},
  year = {2001},
}

@article{chi99pcfg,
  author = {Z. Chi},
  journal = {Computational Linguistics},
  title = {Statistical Properties of Probabilistic Context-Free Grammars},
  volume = {25},
  year = {1999},
}

@inproceedings{eisner00cubic,
  author = {J. Eisner},
  booktitle = {Advances in Probabilistic and Other Parsing Technologies},
  pages = {29--62},
  title = {Bilexical grammars and their cubic-time parsing algorithms},
  year = {2000},
}

@inproceedings{etzioni11openie,
  address = {Barcelona, Spain},
  author = {O. Etzioni and A. Fader and J. Christensen and S. Soderland and Mausam},
  booktitle = {International Joint Conference on Artificial Intelligence (IJCAI)},
  title = {Open Information Extraction: the Second Generation},
  year = {2011},
}

@inproceedings{poon10ontology,
  address = {Uppsala, Sweden},
  author = {H. Poon and P. Domingos},
  booktitle = {Association for Computational Linguistics (ACL)},
  publisher = {Association for Computational Linguistics},
  title = {Unsupervised Ontology Induction from Text},
  year = {2010},
}

@inproceedings{zhang12smoothing,
  address = {Cambridge, MA},
  author = {C. Zhang and R. Hoffmann and D. S. Weld},
  booktitle = {Association for the Advancement of Artificial Intelligence (AAAI)},
  publisher = {MIT Press},
  title = {Ontological Smoothing for Relation Extraction with Minimal Supervision},
  year = {2012},
}

@inproceedings{schoenmackers10horn,
  address = {Uppsala, Sweden},
  author = {S. Schoenmackers and O. Etzioni and D. S. Weld and J. Davis},
  booktitle = {Association for Computational Linguistics (ACL)},
  publisher = {Association for Computational Linguistics},
  title = {Learning First-Order Horn Clauses from Web Text},
  year = {2010},
}

@inproceedings{liang13identifiability,
  address = {Cambridge, MA},
  author = {D. Hsu and S. M. Kakade and P. Liang},
  booktitle = {Advances in Neural Information Processing Systems (NIPS)},
  publisher = {MIT Press},
  title = {Identifiability and Unmixing of Latent Parse Trees},
  year = {2013},
}

@phdthesis{liang11thesis,
  author = {P. Liang},
  school = {University of California Berkeley at Berkeley},
  title = {Learning Dependency-Based Compositional Semantics},
  year = {2011},
}

@inproceedings{liang11dcs,
  address = {Portland, Oregon},
  author = {P. Liang and M. I. Jordan and D. Klein},
  booktitle = {Association for Computational Linguistics (ACL)},
  pages = {590--599},
  publisher = {Association for Computational Linguistics},
  title = {Learning Dependency-Based Compositional Semantics},
  year = {2011},
}

@inproceedings{liang11pruning,
  author = {P. Liang and M. Naik},
  booktitle = {Programming Language Design and Implementation (PLDI)},
  title = {Scaling up Abstraction Refinement via Pruning},
  year = {2011},
}

@inproceedings{liang11minimal,
  author = {P. Liang and O. Tripp and M. Naik},
  booktitle = {Principles of Programming Languages (POPL)},
  title = {Learning Minimal Abstractions},
  year = {2011},
}

@inproceedings{golland10pragmatics,
  address = {Cambridge, MA},
  author = {D. Golland and P. Liang and D. Klein},
  booktitle = {Empirical Methods in Natural Language Processing (EMNLP)},
  title = {A Game-Theoretic Approach to Generating Spatial Descriptions},
  year = {2010},
}

@inproceedings{angeli10generation,
  author = {G. Angeli and P. Liang and D. Klein},
  booktitle = {Empirical Methods in Natural Language Processing (EMNLP)},
  title = {A Simple Domain-Independent Probabilistic Approach to Generation},
  year = {2010},
}

@inproceedings{liang10abstraction,
  author = {P. Liang and O. Tripp and M. Naik and M. Sagiv},
  booktitle = {Object-Oriented Programming, Systems, Languages, and Applications (OOPSLA)},
  title = {A Dynamic Evaluation of Static Heap Abstractions},
  year = {2010},
}

@inproceedings{liang10programs,
  address = {Haifa, Israel},
  author = {P. Liang and M. I. Jordan and D. Klein},
  booktitle = {International Conference on Machine Learning (ICML)},
  pages = {639--646},
  publisher = {Omnipress},
  title = {Learning Programs: A Hierarchical {B}ayesian Approach},
  year = {2010},
}

@inproceedings{liang10regimes,
  address = {Haifa, Israel},
  author = {P. Liang and N. Srebro},
  booktitle = {International Conference on Machine Learning (ICML)},
  publisher = {Omnipress},
  title = {On the Interaction between Norm and Dimensionality: Multiple Regimes in Learning},
  year = {2010},
}

@inproceedings{liang10type,
  address = {Los Angeles, California},
  author = {P. Liang and M. I. Jordan and D. Klein},
  booktitle = {North American Association for Computational Linguistics (NAACL)},
  publisher = {Association for Computational Linguistics},
  title = {Type-Based {MCMC}},
  year = {2010},
}

@techreport{liang10regularizationTR,
  author = {P. Liang and F. Bach and G. Bouchard and M. I. Jordan},
  institution = {ArXiv},
  title = {Asymptotically Optimal Regularization in Smooth Parametric Models},
  year = {2010},
}

@inproceedings{liang10regularization,
  address = {Cambridge, MA},
  author = {P. Liang and F. Bach and G. Bouchard and M. I. Jordan},
  booktitle = {Advances in Neural Information Processing Systems (NIPS)},
  publisher = {MIT Press},
  title = {Asymptotically Optimal Regularization in Smooth Parametric Models},
  year = {2010},
}

@incollection{liang09hdppcfg,
  author = {P. Liang and M. I. Jordan and D. Klein},
  booktitle = {The Oxford Handbook of Applied Bayesian Analysis},
  publisher = {Oxford University Press},
  title = {Probabilistic grammars and hierarchical {D}irichlet processes},
  year = {2009},
}

@inproceedings{liang09semantics,
  address = {Singapore},
  author = {P. Liang and M. I. Jordan and D. Klein},
  booktitle = {Association for Computational Linguistics and International Joint Conference on Natural Language Processing (ACL-IJCNLP)},
  pages = {91--99},
  publisher = {Association for Computational Linguistics},
  title = {Learning Semantic Correspondences with Less Supervision},
  year = {2009},
}

@inproceedings{liang09measurements,
  address = {Montreal, Canada},
  author = {P. Liang and M. I. Jordan and D. Klein},
  booktitle = {International Conference on Machine Learning (ICML)},
  publisher = {Omnipress},
  title = {Learning from Measurements in Exponential Families},
  year = {2009},
}

@inproceedings{liang09online,
  address = {Boulder, Colorado},
  author = {P. Liang and D. Klein},
  booktitle = {North American Association for Computational Linguistics (NAACL)},
  pages = {611--619},
  publisher = {Association for Computational Linguistics},
  title = {Online {EM} for Unsupervised Models},
  year = {2009},
}

@inproceedings{liang08asymptotics,
  address = {Helsinki, Finland},
  author = {P. Liang and M. I. Jordan},
  booktitle = {International Conference on Machine Learning (ICML)},
  publisher = {Omnipress},
  title = {An Asymptotic Analysis of Generative, Discriminative, and Pseudolikelihood Estimators},
  year = {2008},
}

@inproceedings{liang08structure,
  address = {Helsinki, Finland},
  author = {P. Liang and H. Daume and D. Klein},
  booktitle = {International Conference on Machine Learning (ICML)},
  publisher = {Omnipress},
  title = {Structure Compilation: Trading Structure for Features},
  year = {2008},
}

@inproceedings{liang08errors,
  address = {Columbus, Ohio},
  author = {P. Liang and D. Klein},
  booktitle = {Human Language Technology and Association for Computational Linguistics (HLT/ACL)},
  publisher = {Association for Computational Linguistics},
  title = {Analyzing the Errors of Unsupervised Learning},
  year = {2008},
}

@inproceedings{haghighi08lexicon,
  address = {Columbus, Ohio},
  author = {A. Haghighi and P. Liang and T. Berg-Kirkpatrick and D. Klein},
  booktitle = {Human Language Technology and Association for Computational Linguistics (HLT/ACL)},
  publisher = {Association for Computational Linguistics},
  title = {Learning Bilingual Lexicons from Monolingual Corpora},
  year = {2008},
}

@inproceedings{liang08agreement,
  address = {Cambridge, MA},
  author = {P. Liang and D. Klein and M. I. Jordan},
  booktitle = {Advances in Neural Information Processing Systems (NIPS)},
  publisher = {MIT Press},
  title = {Agreement-Based Learning},
  year = {2008},
}

@inproceedings{bouchard08language,
  address = {Cambridge, MA},
  author = {A. Bouchard-C\^ot\'e and P. Liang and T. Griffiths and D. Klein},
  booktitle = {Advances in Neural Information Processing Systems (NIPS)},
  publisher = {MIT Press},
  title = {A Probabilistic Approach to Language Change},
  year = {2008},
}

@inproceedings{liang07tutorial,
  address = {Prague, Czech Republic},
  author = {P. Liang and D. Klein},
  booktitle = {Association for Computational Linguistics (ACL)},
  publisher = {Association for Computational Linguistics},
  title = {Structured {B}ayesian Nonparametric Models with Variational Inference (tutorial)},
  year = {2007},
}

@inproceedings{liang07permdp,
  address = {Corvallis, Oregon},
  author = {P. Liang and M. I. Jordan and B. Taskar},
  booktitle = {International Conference on Machine Learning (ICML)},
  publisher = {Omnipress},
  title = {A permutation-augmented sampler for {D}irichlet process mixture models},
  year = {2007},
}

@inproceedings{liang07infpcfg,
  address = {Prague, Czech Republic},
  author = {P. Liang and S. Petrov and M. I. Jordan and D. Klein},
  booktitle = {Empirical Methods in Natural Language Processing and Computational Natural Language Learning (EMNLP/CoNLL)},
  title = {The Infinite {PCFG} using Hierarchical {D}irichlet Processes},
  year = {2007},
}

@inproceedings{bouchard07diachronic,
  address = {Prague, Czech Republic},
  author = {A. Bouchard-C\^ot\'e and P. Liang and T. Griffiths and D. Klein},
  booktitle = {Empirical Methods in Natural Language Processing and Computational Natural Language Learning (EMNLP/CoNLL)},
  title = {A Probabilistic Approach to Diachronic Phonology},
  year = {2007},
}

@inproceedings{liang06discrimative,
  address = {Sydney, Australia},
  author = {P. Liang and A. Bouchard-C\^ot\'e and D. Klein and B. Taskar},
  booktitle = {International Conference on Computational Linguistics and Association for Computational Linguistics (COLING/ACL)},
  publisher = {Association for Computational Linguistics},
  title = {An End-to-End Discriminative Approach to Machine Translation},
  year = {2006},
}

@inproceedings{liang06alignment,
  address = {New York City},
  author = {P. Liang and B. Taskar and D. Klein},
  booktitle = {North American Association for Computational Linguistics (NAACL)},
  pages = {104--111},
  publisher = {Association for Computational Linguistics},
  title = {Alignment by Agreement},
  year = {2006},
}

@mastersthesis{liang05meng,
  author = {P. Liang},
  school = {Massachusetts Institute of Technology},
  title = {Semi-Supervised Learning for Natural Language},
  year = {2005},
}

@techreport{liang05hypercycle,
  author = {P. Liang and N. Srebro},
  institution = {Massachusetts Institute of Technology},
  title = {A Data Structure for Maintaining Acyclicity in Hypergraphs},
  year = {2005},
}

@techreport{liang04markov,
  author = {P. Liang and N. Srebro},
  institution = {Massachusetts Institute of Technology},
  title = {Methods and Experiments With Bounded Tree-width {M}arkov Networks},
  year = {2004},
}

@techreport{liang03maxwmfarm,
  author = {P. Liang and N. Srebro},
  institution = {Massachusetts Institute of Technology},
  title = {How Much Of A Hypertree Can Be Captured By Windmills?},
  year = {2003},
}

@inproceedings{liang05mcmaster,
  author = {P. Liang and N. Srebro},
  booktitle = {Mathematical Programing for Data Mining and Machine Learning Workshop at McMaster University},
  title = {Linear Programming in Bounded Tree-width {M}arkov Networks},
  year = {2005},
}

@inproceedings{liang05geometric,
  author = {P. Liang and M. Narasimhan and M. Shilman and P. Viola},
  booktitle = {International Conference on Document Analysis and Recognition (ICDAR)},
  title = {Efficient Geometric Algorithms for Parsing in Two Dimensions},
  year = {2005},
}
