@article{anandkumar-hsu-kakade2012,
  title={A method of moments for mixture models and hidden Markov models},
  author={Anandkumar, A. and Hsu, D. and Kakade, S.M.},
  journal={arXiv preprint arXiv:1203.0683},
  year={2012}
}
@article{hsu-kakade-liang2012,
  title={Identifiability and Unmixing of Latent Parse Trees},
  author={Hsu, D. and Kakade, S.M. and Liang, P.},
  journal={arXiv preprint arXiv:1206.3137},
  year={2012}
}
