@inproceedings{halpern13noisyor,
  author    = {Yonatan Halpern and
               David Sontag},
  title     = {Unsupervised Learning of Noisy-Or Bayesian Networks},
  booktitle = {Uncertainty in Artificial Intelligence (UAI)},
  year      = {2013},
  ee        = {http://arxiv.org/abs/1309.6834},
}
